3628 5328
846 401 1037 462 „p..

302 585 366 651 fido
389 587 556 654 cohaerere
585 587 678 666 Verg.
702 604 732 668 g,
754 586 770 651 I
796 587 854 649 107
878 587 1068 650 morientibus
1090 597 1203 649 aestuat
1224 587 1321 650 herbis
1340 593 1373 650 et
1394 586 1468 653 Luc.
1489 587 1506 650 Ι
1531 589 1569 651 16

293 691 500 775 flapraatibus
530 702 644 753 aestuat
675 689 766 764 110110,
799 689 944 770 quamvis
974 688 1213 753 commissuram
1242 689 1388 768 equidem
1417 690 1568 772 suspicer.

303 794 392 858 Talia
413 793 538 858 vincula
560 793 662 873 magis
685 793 865 857 sentiuntur
894 810 988 872 quam
1017 795 1260 872 cognoscuntur,
1293 801 1325 855 et
1355 809 1469 857 sensus
1498 793 1571 856 licet

304 916 398 979 saepe
426 896 561 976 decipiat
595 894 694 959 multa
723 896 829 959 animo
855 895 973 959 rectius
995 896 1155 959 odoratur.
1200 892 1353 957 Sexcentas
1381 912 1456 960 vero
1486 898 1570 960 certe

304 999 356 1065 vel
378 1019 431 1064 sex
459 999 546 1062 milia
567 998 792 1078 congruentiae
815 999 900 1062 iusta
927 996 1069 1078 exempla
1096 997 1205 1060 oculos
1226 997 1277 1061 vel
1299 998 1379 1079 Argi
1400 1000 1467 1062 acie
1488 999 1570 1063 intu-

305 1106 394 1166 entes
415 1099 595 1166 fefellerunt
617 1117 806 1182 semperque
828 1098 945 1163 fallent.
1118 1097 1120 1101 ’

408 1203 458 1266 De
480 1203 538 1267 hac
560 1200 744 1267 difficultate
771 1200 944 1266 auferenda
966 1220 1037 1266 eum
1060 1201 1147 1282 leges
1170 1201 1238 1265 dari
1264 1209 1431 1282 nequeant,
1458 1203 1499 1266 ad
1527 1202 1571 1266 al-

305 1309 404 1369 teram
428 1312 636 1384 transeamus
660 1324 722 1386 qua
744 1322 825 1385 quae
848 1304 1015 1368 videantur
1037 1321 1108 1366 esse
1131 1303 1326 1367 imitationes
1341 1304 1441 1368 minui
1456 1304 1569 1368 attolli

305 1407 378 1470 dixi.
421 1407 531 1472 Multis
554 1408 638 1472 enim
662 1407 748 1483 loeis,
771 1406 885 1487 quibus
905 1405 1080 1469 litterarum
1098 1405 1322 1469 concordantia
1337 1413 1446 1487 aperta
1461 1406 1569 1471 oculos

305 1509 420 1574 blande
448 1511 570 1592 excipit,
597 1517 703 1574 tamen
734 1526 908 1573 consensus
937 1525 1001 1571 non
1029 1508 1160 1572 consilio
1187 1527 1246 1572 nec
1279 1509 1451 1573 memoriae
1475 1511 1571 1590 scrip·

305 1613 394 1692 toris,
426 1612 483 1675 sed
512 1612 600 1676 casui
627 1611 770 1687 debetur,
804 1628 875 1673 cum
907 1627 972 1687 eos,
1005 1611 1059 1690 qui
1086 1611 1214 1674 easdem
1241 1629 1293 1675 res
1326 1618 1444 1689 tenent
1476 1630 1570 1693 saepe

306 1714 416 1777 eadem
440 1713 622 1794 verbanon
645 1713 733 1777 iussa
755 1717 936 1793 sequantur.
981 1711 1146 1776 Bismarck
1169 1732 1240 1776 cum
1263 1713 1348 1777 illam
1372 1733 1481 1779 vocem
1500 1715 1571 1778 mit-

306 1821 395 1894 teret,
419 1835 513 1896 quam
537 1834 648 1880 omnes
672 1814 823 1880 Germani
845 1819 963 1878 norunt
986 1819 1018 1877 01
1039 1819 1164 1895 praeter
1181 1815 1358 1880 Germanos
1374 1815 1480 1880 multi:
1509 1815 1571 1878 Wir

307 1919 454 1982 Deutsclre
468 1918 613 2002 ⁴fu'e'uelrteu
629 1917 708 1985 (tote,
732 1919 802 1979 aber
823 1929 902 1979 sonst
923 1917 1016 1979 0101110
1037 1919 1068 1979 e'u
1090 1919 1143 1978 der·
1166 1917 1246 1995 Wetq
1269 1937 1331 1981 non
1347 1917 1507 2000 profectus
1522 1922 1571 1981 est

305 2020 344 2084 ab
374 2020 501 2083 Arndtii
529 2037 623 2083 versu
651 2018 777 2098 (1101101
810 2019 862 2082 ftir
888 2018 1044 2082 Teutsche
1072 2021 1154 2082 1813
1189 2038 1218 2101 p.
1250 2022 1319 2102 llll:
1364 2023 1414 2084 Sic
1441 2022 1497 2104 (so.
1524 2021 1571 2082 dte

306 2125 384 2186 alten
405 2122 576 2202 Tenisclteu)
595 2121 762 2204 fdrcltteten
778 2120 848 2183 (11011
869 2122 931 2182 used
952 2120 1167 2201 aestumetur,
1191 2122 1247 2186 sed
1263 2141 1299 2185 ex
1315 2122 1442 2203 ingenio
1457 2121 1570 2198 hausit,

306 2226 390 2306 quod
403 2226 449 2288 rei
460 2224 657 2305 temporique
669 2223 907 2286 accomodatum
920 2223 1064 2303 putabat;
1082 2241 1184 2303 neque
1199 2223 1357 2289 helluonis
1372 2225 1465 2301 illius,
1482 2225 1570 2288 ouius

307 2347 424 2392 nomen
446 2327 532 2408 apud
554 2327 648 2390 huius
670 2325 783 2389 aetatis
809 2332 920 2406 gentes
939 2326 972 2388 in
994 2325 1198 2406 proverbium
1226 2327 1310 2403 abiit,
1341 2326 1480 2392 famulus
1508 2331 1570 2390 sto-

306 2431 474 2495 machosus
496 2448 567 2493 curn
589 2430 687 2496 canit:
710 2429 791 2490 telae
812 2427 894 2489 Rat’
917 2429 963 2490 oei
989 2429 1053 2509 Tap
1075 2429 1138 2488 aad
1163 2426 1272 2507 Nectit,
1294 2430 1392 2493 verba
1414 2429 1570 2493 mehercle

306 2534 400 2596 traxit
422 2551 458 2595 ex
485 2532 647 2596 Philandri
670 2532 709 2595 de
737 2529 871 2594 Sittwalt
903 2530 1086 2607 visionibus
1119 2531 1174 2594 ubi
1199 2531 1361 2611 (editionis
1387 2533 1461 2596 anni
1490 2533 1571 2598 1650

306 2638 375 2717 Ip.
399 2638 473 2717 201)
500 2634 631 2714 imagini
659 2632 802 2697 Invidiae
829 2632 988 2713 adscripta
1014 2633 1171 2713 leguntur,
1203 2651 1306 2714 neque
1333 2635 1446 2715 opinor
1469 2653 1505 2698 ex
1528 2634 1572 2698 St.

305 2738 460 2804 Iohannis
483 2755 569 2818 apoc.
591 2736 637 2800 IV
653 2739 673 2799 8
694 2735 872 2817 (XIV11):
894 2735 1073 2804 11111101111111
1094 2735 1175 2796 locine
1194 2735 1282 2798 Belle
1306 2736 1370 2817 Tap
1385 2737 1448 2798 111111
1463 2735 1571 2800 Ν110111.

307 2842 397 2906 Idem
419 2839 536 2904 factum
560 2845 608 2902 est
628 2837 713 2917 apud
735 2838 883 2916 antiquos
906 2855 975 2901 cum
1003 2839 1173 2918 scriptores
1188 2837 1352 2918 pedestres
1368 2843 1436 2901 tum
1453 2843 1572 2918 poetas.

307 2945 389 3008 Nam
417 2942 502 3024 apud
528 2940 587 3004 hos
618 2946 650 3002 01
677 2937 800 3018 legibus
830 2940 985 3002 0011001110
1014 2940 1135 3003 astricti
1156 2945 1187 3004 et
1208 2941 1256 3004 rei
1277 2941 1427 3004 metricae
1448 2941 1573 3012 ratione

309 3047 392 3111 ultro
427 3045 536 3109 eadem
571 3042 668 3105 verba
698 3047 730 3104 et
762 3041 931 3105 verborum
965 3040 1086 3105 formae
1118 3044 1309 3121 proveniunt
1336 3043 1471 3106 maxime
1506 3043 1573 3107 ido-

308 3168 386 3213 neae
413 3149 453 3212 ad
482 3165 583 3228 genus
613 3162 855 3224 sermonemque
882 3143 1040 3224 poeticum
1069 3149 1101 3207 et
1127 3145 1168 3208 ad
1197 3163 1309 3209 versus
1336 3145 1489 3225 regulam,
1516 3164 1574 3209 sua

307 3269 408 3333 paene
435 3255 548 3332 sponte
577 3248 618 3310 ad
646 3247 775 3310 eosdem
802 3263 951 3310 versuum
980 3246 1066 3310 locos
1094 3247 1244 3326 migrant,
1273 3247 1385 3310 eodem
1414 3248 1508 3311 modo
1538 3266 1573 3311 se

309 3357 475 3434 apponunt
501 3357 532 3414 et
559 3356 733 3431 opponunt,
767 3367 830 3429 quo
858 3347 901 3425 fit
936 3354 971 3411 ut
998 3348 1082 3412 haud
1110 3353 1217 3412 coacta
1244 3367 1369 3412 summa
1399 3349 1572 3414 similItudo

309 3461 465 3520 nascatur.
510 3452 613 3530 Quam
641 3469 784 3515 normam
813 3451 845 3513 in
872 3468 993 3532 omues,
1020 3451 1155 3514 maxime
1177 3469 1253 3515 vero
1275 3451 1308 3514 in
1331 3450 1459 3515 ultimos
1481 3452 1573 3516 110110-

309 3557 402 3620 metri
424 3555 522 3635 pedes
546 3555 658 3618 eadere
680 3555 711 3617 in
736 3551 880 3617 confesso
903 3559 960 3630 est,
982 3554 1036 3617 ubi
1058 3553 1185 3634 legibus
1207 3554 1270 3617 iarn
1286 3555 1383 3618 tironi
1399 3555 1573 3620 decantatis

309 3658 451 3734 efficitur,
480 3665 517 3721 ut
543 3657 640 3721 verba
665 3657 819 3737 quaedam
843 3655 1061 3734 excludantur,
1092 3657 1279 3720 adementur
1306 3657 1367 3720 alia
1395 3663 1426 3722 et
1453 3655 1573 3738 praefe-

308 3768 434 3838 rantum
460 3761 567 3839 itaque
594 3759 645 3823 hic
667 3777 777 3822 omnes
800 3763 913 3838 poetae
936 3758 1045 3822 eadem
1069 3760 1166 3822 verba
1188 3765 1338 3839 repetunt
1360 3778 1423 3823 nou
1446 3767 1574 3824 auctore

308 3864 413 3944 aliquo
436 3861 573 3938 adducti,
596 3863 653 3926 sed
675 3865 864 3925 necessitate
884 3863 977 3925 metri
997 3869 1053 3926 aut
1073 3860 1235 3937 facilitate3
1259 3881 1362 3943 neque
1384 3863 1446 3927 nisi
1465 3864 1572 3944 singu·

307 3966 415 4029 laritas
434 3964 587 4044 quaedam
603 3966 731 4045 propria
746 3965 892 4028 diodonis
907 3964 1036 4041 accedit,
1059 3963 1134 4028 talia
1150 3965 1334 4028 imitationis
1350 3963 1445 4029 fidem
1461 3964 1572 4029 fulcire

308 4074 450 4151 possunt.
496 4067 566 4144 Qua
587 4067 619 4129 in
642 4084 677 4129 re
700 4066 775 4146 quid
799 4067 840 4129 sit
864 4066 1032 4146 singulare,
1053 4067 1180 4131 difficile
1202 4075 1251 4131 est
1274 4067 1418 4134 discerni.
1448 4070 1573 4130 1011110-

309 4185 392 4234 001101
415 4173 514 4254 (0101)
540 4172 634 4232 aratris
656 4175 687 4232 et
706 4171 852 4250 tapetibus
876 4171 943 4231 atta
970 4170 1054 4251 apud
1079 4169 1255 4250 Vergilium
1278 4171 1316 4233 A.
1340 4170 1421 4233 VIII
1439 4174 1502 4234 474
1525 4170 1573 4234 IX

309 4277 370 4338 325
394 4280 426 4337 et
448 4271 599 4336 Ovidium
622 4279 660 4334 tr.
683 4271 727 4334 IV
753 4273 864 4348 10‚111
889 4272 917 4336 V
940 4274 1009 4348 3,11
1033 4281 1105 4336 met.
1122 4273 1204 4336 XIII
1221 4275 1283 4336 638
1307 4273 1383 4336 satis
1404 4292 1477 4337 rara
1498 4276 1573 4337 sunt

309 4376 452 4457 exempla
485 4393 628 4456 quaeque
661 4373 854 4455 persuadere
887 4375 1024 4455 possint;
1054 4375 1192 4458 frenasse
1223 4376 1366 4437 dracones
1399 4395 1470 4440 oum
1507 4395 1571 4441 non

309 4478 556 4559 uniuscuiusque
584 4478 633 4554 sit,
660 4475 795 4540 fortasse
817 4476 883 4540 Val.
905 4476 922 4539 I
945 4479 986 4540 68
1013 4495 1050 4540 ex
1073 4477 1188 4542 Ovidio
1210 4483 1248 4541 tr.
1271 4478 1323 4541 III
1346 4480 1396 4554 8‚3
1424 4479 1573 4560 desump-

240 4576 244 4580 ’
310 4583 364 4660 011;
396 4587 428 4644 01
452 4581 527 4659 flore
557 4581 687 4642 iuventae
713 4576 805 4641 multi
837 4579 930 4641 etiam
963 4579 1031 4643 sine
1057 4580 1198 4661 Vergilio
1225 4579 1262 4645 A.
1297 4579 1361 4644 VII
1395 4583 1456 4644 162
1491 4583 1572 4647 VIII

311 4686 371 4748 160
394 4683 570 4762 procudere
592 4684 773 4763 potuerunt,
803 4687 834 4744 et
856 4684 975 4746 Auson.
1003 4689 1123 4763 parent.
1146 4683 1210 4747 VII
1239 4685 1257 4746 5
1285 4701 1315 4763 p.
1338 4684 1379 4746 34
1401 4683 1436 4750 P.
1461 4685 1573 4763 floren-

311 4785 493 4846 1111101001ίο
516 4785 583 4845 sine
607 4782 707 4846 Statio
737 4800 761 4844 0.
791 4782 843 4845 III
869 4785 949 4860 523,
982 4787 1032 4848 vix
1056 4791 1161 4850 tamen
1194 4786 1278 4849 idern
1305 4790 1424 4865 parent.
1459 4787 1572 4850 XXIII
