3628 5328
824 400 1037 463 „10-

295 581 487 662 contingere·
509 582 601 647 claris
637 583 763 648 indiciis
790 583 980 664 patefactum
1013 594 1070 663 est,
1104 591 1210 651 tarum]
1237 589 1380 668 quaestio
1410 578 1562 665 exoritur,

296 687 402 748 utrum
424 701 535 748 revera
556 684 619 763 ille,
646 687 700 766 qui
727 686 917 750 subsecutus
944 692 1001 763 est,
1033 688 1074 752 ad
1099 688 1229 753 alterius
1256 690 1435 772 exemplum
1464 693 1565 756 verba.

295 786 426 868 elegerit
447 805 487 850 an
510 803 547 850 ex
570 789 731 853 communi
753 787 842 855 fonte
865 796 1036 854 concentus
1059 791 1207 873 explicari
1229 793 1339 873 possit.
1385 792 1456 870 Qua
1476 795 1509 858 in
1525 813 1564 858 re

296 890 430 954 maxime
453 889 483 952 ei
503 895 642 970 peccant,
665 891 719 971 qui
749 911 821 956 cum
849 912 911 974 qua
937 894 1060 958 ratione
1089 892 1169 957 alter
1198 893 1332 958 alterum
1361 896 1565 976 expresserit,

296 992 407 1058 sedulo
438 991 622 1072 disquiram,
656 993 799 1072 aliorum,
830 997 883 1075 qui
912 1000 945 1059 et
972 994 1045 1060 huie
1073 1001 1104 1059 et
1130 995 1175 1058 illi
1207 995 1422 1073 iunotuerunt,
1453 1016 1559 1062 curam
1655 991 1658 1000 ’

295 1096 442 1173 abiciunt,
466 1095 519 1176 qui
543 1095 654 1160 Silium
679 1103 898 1176 comparantes
921 1117 992 1162 cum
1016 1099 1149 1176 Lucano,
1172 1097 1304 1162 Iliadem
1334 1099 1464 1162 latinam
1488 1119 1558 1164 cum

297 1197 382 1274 Silio,
421 1195 628 1260 Claudianum
667 1216 738 1262 cum
777 1198 885 1275 Statio
924 1198 1076 1262 Rutilium
1118 1218 1190 1264 cum
1218 1199 1361 1264 Ausonio
1384 1200 1561 1282 Vergilium

297 1299 486 1365 Ovidiumve
508 1318 571 1363 non
591 1300 760 1364 attendunt
774 1319 833 1365 nec
847 1302 1056 1382 interrogant3
1080 1320 1137 1366 nce
1153 1301 1258 1366 minus
1273 1301 1398 1383 culpam
1418 1303 1565 1367 inscitiae

296 1408 350 1467 aut
375 1402 537 1466 socordiae
563 1403 595 1466 in
624 1420 658 1466 se
684 1404 864 1481 admittunt,
896 1406 949 1484 qui
993 1413 1029 1468 nt
1071 1388 1175 1468 fontes
1211 1404 1369 1484 detegant,
1398 1404 1563 1469 Mantuani

296 1513 328 1570 ct
350 1505 568 1570 Sulmonensis
590 1505 688 1570 libros
711 1507 846 1588 impigre
869 1507 1027 1585 evolvunt,
1051 1508 1221 1589 scriptores
1236 1506 1318 1570 inter
1334 1506 1392 1571 hos
1415 1515 1446 1571 et
1462 1508 1564 1586 illum,

296 1627 389 1690 quem
423 1614 610 1691 sectatorem
641 1614 763 1689 putant,
795 1611 1028 1674 intercedentes
1061 1609 1231 1674 festinante
1267 1610 1349 1690 pede
1387 1617 1566 1675 transeunt.

296 1711 358 1776 Hic
386 1730 512 1792 quoque
539 1730 576 1775 ex
605 1713 801 1777 nostratibus
824 1714 1002 1795 exemplum
1037 1714 1224 1778 subnectere
1253 1712 1406 1793 expediet.
1439 1713 1566 1778 Goethe

296 1833 365 1878 cum
391 1818 579 1895 pervagatos
605 1813 677 1877 illos
701 1833 813 1878 versus
841 1815 933 1878 dictis
962 1817 1029 1879 suis
1056 1815 1195 1880 metricis
1216 1815 1386 1878 insereret:
1420 1817 1502 1878 Ades
1533 1818 1566 1878 iu

296 1919 349 1981 der
383 1917 454 1978 Welt
476 1917 546 1978 icisst
568 1917 627 1978 siclt
649 1928 797 1996 ertrmpen,
827 1917 895 1978 Nur
917 1918 995 1980 rre'clrt
1018 1920 1080 1981 eine
1101 1918 1195 1981 Reilte
1222 1941 1279 1981 rore
1300 1919 1423 1981 ceddren
1454 1919 1562 2001 iligen,

295 2037 358 2100 non
387 2019 534 2083 Kortumi
561 2036 697 2096 carmen,
726 2019 777 2083 cui
806 2038 921 2083 nomen
958 2026 1006 2084 est
1033 2021 1183 2098 Jodez'ade,
1215 2021 1369 2102 expilasse
1401 2022 1566 2103 putandus

296 2131 355 2202 est,
377 2123 432 2186 ubi
454 2123 552 2200 1244
573 2123 747 2203 antiquum,
764 2129 799 2186 ut
820 2123 873 2200 ait,
895 2124 1099 2204 provorqum
1123 2124 1167 2187 ita
1187 2123 1342 2188 redditur:
1374 2124 1468 2186 Werm
1482 2127 1562 2188 einer

294 2227 350 2290 aoll
369 2228 483 2289 lrdrrnerr
504 2236 608 2307 tropea
630 2227 711 2288 Eine
735 2225 814 2287 Lusi
840 2248 896 2288 ron
919 2228 1014 2288 lenter
1034 2238 1120 2309 puter
1148 2226 1257 2307 Tagen,
1281 2227 1322 2288 So
1349 2249 1429 2287 murs
1456 2249 1488 2288 er
1509 2228 1566 2289 ruit

295 2329 361 2391 aelrr
382 2329 511 2390 atarbem
535 2327 645 2393 Gadeira
683 2328 744 2390 Vou
775 2329 829 2390 der
851 2327 956 2390 Nutur
979 2328 1112 2390 versabere
1134 2329 1205 2408 seiri,
1234 2343 1292 2389 nec
1322 2326 1405 2391 Guil.
1428 2327 1567 2391 Mueller

298 2430 508 2496 Goethianum
529 2449 622 2494 suum
641 2429 715 2493 fecit
731 2431 841 2512 paucis
860 2429 969 2495 lustris
991 2438 1064 2512 post
1087 2448 1158 2494 eum
1180 2428 1264 2493 edito
1283 2431 1433 2493 carmine:
1457 2429 1567 2492 Nicbtc

296 2543 333 2602 iat
356 2536 422 2596 dem
442 2533 601 2596 Meneclem
623 2555 654 2595 so
675 2532 785 2594 selrwrr
805 2557 843 2596 au
865 2546 979 2616 tropea,
1008 2535 1064 2596 au
1085 2534 1147 2595 er'rre
1169 2531 1245 2594 Luat
1268 2554 1321 2594 uon
1340 2543 1428 2613 putere
1457 2533 1565 2614 iopen.

296 2637 345 2699 De
364 2653 514 2716 germano
529 2635 631 2720 tonte,
656 2641 712 2699 aut
728 2635 866 2700 Luthero
888 2642 943 2701 aut
965 2635 1122 2716 Agricola,
1140 2635 1190 2698 vd.
1216 2635 1253 2700 G.
1275 2634 1479 2699 Buechmann
1504 2636 1567 2700 Ge-

294 2737 413 2818 J‘lr'tpelte
447 2736 570 2799 Worte²¹
594 2738 703 2820 (1903)
725 2756 755 2818 p.
780 2739 849 2801 191.

404 2840 456 2905 Sic
478 2846 513 2903 ut
535 2840 576 2904 ad
603 2840 751 2920 antiquos
784 2841 961 2917 redeamus,
994 2839 1130 2904 fortasse
1162 2845 1263 2916 erunt,
1297 2839 1413 2919 quibus
1445 2841 1564 2904 Lucani

297 2961 407 3008 versus
430 2943 446 3005 Ι
468 2947 530 3008 246
557 2944 710 3023 deripuere
739 2954 827 3018 metu,
853 2943 966 3024 gelidos
990 2967 1092 3024 pauor
1117 2955 1241 3024 occupat
1267 2955 1351 3005 artus
1377 2949 1469 3007 cento
1495 2941 1564 3007 fere

296 3044 441 3107 videatur
474 3041 649 3107 Ovidianus
686 3049 839 3108 consutus
874 3063 910 3108 ex
941 3051 1012 3110 met.
1050 3045 1114 3109 VII
1147 3048 1206 3107 116
1241 3047 1393 3127 deripuere
1421 3056 1500 3130 metu
1532 3051 1564 3108 et

296 3146 348 3210 HI
380 3147 422 3209 40
459 3147 595 3208 attonitos
632 3148 745 3207 subitus
784 3158 894 3208 tremor
941 3158 1064 3228 occupat
1109 3159 1200 3221 cortus,
1245 3153 1278 3210 at
1318 3148 1451 3211 meliore
1492 3151 1565 3212 iure

296 3248 469 3328 Vergilium
495 3248 606 3311 ducem
630 3253 663 3311 et
685 3246 794 3312 Ovidii
821 3254 853 3311 et
875 3248 993 3312 Lucani
1015 3248 1257 3330 proclamarent,
1286 3250 1334 3314 vd.
1358 3251 1395 3313 A.
1420 3250 1485 3313 VII
1499 3254 1564 3315 446

294 3353 406 3413 arduus
427 3362 537 3413 tremor
562 3363 686 3431 occupat
709 3363 801 3428 ortus,
825 3353 977 3432 deripuere
997 3353 1083 3425 oculi,
1107 3370 1144 3415 ex
1167 3370 1230 3431 quo
1252 3351 1322 3416 loco
1352 3358 1384 3416 el
1407 3352 1564 3417 similibus

296 3456 346 3518 XI
368 3458 431 3519 424
453 3465 563 3516 tremor
590 3465 714 3534 occupat
744 3467 828 3516 ortus
860 3472 888 3534 g.
912 3454 957 3518 IV
983 3455 1562 3538 1906601911εορονειιιιεοωαραι

296 3567 380 3618 artus
402 3560 580 3630 manarunt,
603 3555 762 3619 Interdum
786 3574 844 3637 per
859 3557 1018 3637 ambages
1044 3564 1170 3638 praeter
1196 3556 1268 3620 illos
1291 3555 1349 3620 Ov.
1372 3563 1445 3620 met
1468 3559 1565 3622 1548

296 3658 325 3723 V
348 3662 410 3724 632
434 3657 610 3722 GermanIo.
634 3659 719 3722 Arat.
743 3663 806 3725 294
822 3660 889 3726 Val.
906 3660 952 3724 IV
969 3665 1031 3726 664
1056 3659 1109 3723 Sil.
1125 3659 1171 3724 VI
1186 3661 1248 3722 409
1265 3657 1341 3724 Stat
1356 3660 1434 3724 Acir.
1450 3661 1466 3723 l
1484 3663 1562 3738 9303

296 3761 346 3825 vd.
367 3761 461 3824 etlam
483 3761 578 3841 paulo
601 3759 690 3824 infra.
733 3762 834 3826 Iidem
858 3764 885 3826 si
907 3763 992 3844 apud
1011 3762 1146 3827 Statium
1168 3780 1191 3825 s.
1208 3762 1254 3827 IV
1269 3766 1342 3838 449
1362 3762 1424 3845 ser-t
1445 3765 1566 3826 arturus

295 3864 465 3944 reperiunt,
490 3881 646 3927 memores
662 3865 824 3945 temporie,
841 3884 903 3945 quo
921 3865 1069 3930 Ovidium
1086 3866 1117 3928 in
1135 3863 1242 3928 schola
1255 3864 1361 3945 legere
1384 3871 1563 3946 coeperant,

297 3965 446 4029 silvarum
468 3971 595 4045 poetam
618 3966 918 4047 metamorphoseon
941 3967 1118 4030 auditorem
1149 3969 1354 4048 pronuntiare
1378 3973 1562 4050 properant;

296 4076 329 4132 at
361 4069 477 4132 debere
509 4069 613 4149 potnit
636 4067 690 4139 ille
717 4069 843 4134 Lucano
878 4071 970 4146 167,
1004 4071 1055 4135 oui
1089 4075 1124 4134 ut
1160 4071 1267 4151 opicus
1304 4071 1393 4151 epico
1424 4077 1455 4134 et
1485 4071 1564 4135 alias

296 4176 328 4233 et
349 4169 399 4234 hic
425 4170 536 4234 eodem
565 4187 676 4234 versus
707 4170 777 4235 loco
799 4173 931 4253 propius
960 4172 1073 4249 adstat,
1102 4173 1206 4253 potuit
1237 4172 1307 4236 aliis
1334 4178 1390 4237 aut
1423 4174 1563 4238 sermoni

296 4273 463 4348 cotidiano,
486 4272 534 4336 vd.
558 4271 640 4336 infra
661 4291 691 4353 p.
715 4277 764 4336 22.
808 4274 890 4337 Item
914 4274 968 4353 qui
990 4291 1027 4336 ex
1051 4272 1118 4337 Silii
1142 4273 1227 4337 XIII
1246 4278 1307 4340 623
1331 4297 1347 4337 ο
1369 4277 1473 4356 tropat
1490 4275 1565 4337 melai

295 4379 425 4439 numinis
446 4378 540 4438 r'rrstar
562 4382 595 4439 et
609 4376 700 4440 Mart.
719 4377 782 4441 VII
801 4379 889 4452 12,ss
913 4377 1017 4457 ruoprrt'
1036 4375 1111 4437 rrrr'lrr'
1133 4377 1263 4438 numinis
1284 4378 1380 4438 irrotar
1402 4383 1503 4441 artam
1527 4381 1564 4440 ut

295 4480 412 4544 invita
435 4479 533 4543 sicin
556 4481 646 4560 poesi
673 4481 940 4545 necessitudinem
969 4480 1052 4542 Inter
1082 4479 1206 4559 epIcum
1236 4486 1267 4543 et
1296 4480 1561 4561 epigrammatum

296 4585 480 4664 scriptorem
504 4581 616 4646 elicere
631 4582 707 4660 vult,
726 4582 823 4646 debili
837 4583 949 4646 nititur
963 4580 1178 4658 fundamento,
1201 4599 1272 4644 cum
1288 4585 1421 4662 uterque
1436 4581 1562 4647 haurire

295 4686 434 4768 potuerit
460 4704 497 4749 ex
525 4684 641 4750 Ovidio
670 4704 729 4749 am.
754 4684 805 4749 III
831 4689 932 4762 11‚47,
959 4683 1013 4750 cfr.
1035 4684 1147 4748 Lucl
1175 4686 1234 4748 199
1259 4683 1334 4750 Stat.
1357 4685 1414 4751 Th.
1438 4686 1467 4749 X
1491 4688 1562 4749 361.

297 4788 360 4866 Qui
389 4787 506 4850 Lucani
537 4788 554 4850 I
582 4793 645 4855 289
674 4791 724 4850 vir
754 4789 865 4868 tamenne
891 4787 973 4869 f'eres
1002 4805 1038 4850 ex
1066 4786 1182 4851 Catulli
1204 4790 1274 4863 77,9
1304 4788 1336 4848 id
1365 4810 1422 4849 riou
1453 4790 1563 4869 irrpmw
