3628 5328
369 1431 414 1541 In
437 1478 559 1541 intenta
585 1478 639 1542 illa
662 1484 694 1542 et
719 1479 847 1544 assidua
874 1498 958 1556 cura,
987 1499 1081 1560 quam
1108 1479 1203 1544 hodie
1232 1481 1468 1561 perscrutandis
1495 1487 1528 1545 et

261 1579 477 1654 examinandis
507 1580 632 1660 scriptis
658 1580 874 1646 Romanorum
897 1581 1049 1663 philologi
1069 1583 1267 1663 impendunt,
1289 1582 1374 1647 haud
1393 1601 1526 1664 parvum

262 1682 414 1764 temporis
437 1687 469 1746 et
493 1682 619 1746 sudoris
634 1683 666 1747 in
682 1683 878 1764 expedienda
893 1685 1077 1764 quaestione
1091 1684 1145 1748 illa
1160 1684 1356 1767 insumptum
1372 1690 1429 1762 est,
1452 1704 1527 1765 qua-

261 1791 354 1849 tenus
366 1785 556 1865 quicumque
570 1785 652 1850 inter
667 1785 745 1850 alios
761 1787 902 1864 eminuit,
918 1805 989 1851 cum
999 1787 1038 1850 iis
1050 1786 1223 1865 cohaereat,
1238 1788 1292 1868 qui
1307 1789 1339 1851 in
1353 1788 1463 1852 eadem
1476 1787 1527 1852 vel

261 1888 403 1970 proxima
425 1887 555 1967 regione
574 1888 797 1953 antistiterunt
841 1889 913 1954 Non
929 1891 1025 1954 modo
1048 1890 1124 1971 quid
1139 1890 1372 1970 exemplaribus
1388 1890 1526 1967 Graecis

219 1987 222 1994 '
261 2006 342 2070 quae
369 1995 405 2053 ut
431 1989 544 2053 diurna
575 1997 790 2071 nocturnaque
820 2010 916 2056 manu
943 1998 1153 2070 versarentur,
1183 1993 1277 2057 etiam
1308 1992 1433 2074 praeter
1460 1992 1526 2056 Ho-
1578 2007 1580 2018 ¹

264 2092 380 2156 ratium
404 2091 497 2156 multi
518 2090 700 2172 flagitarunt
721 2099 753 2157 et
774 2092 954 2173 effecerunt,
977 2095 1053 2176 quid
1075 2095 1142 2159 suis
1165 2095 1285 2159 viribus
1300 2094 1435 2158 Romani
1458 2094 1527 2157 uni-

261 2195 345 2258 versi
373 2194 548 2271 debuerint,
576 2195 631 2259 sed
659 2197 752 2260 etiam
783 2215 844 2277 qua
872 2198 1064 2262 inventionis
1092 2195 1241 2261 felicitate
1269 2202 1301 2260 et
1333 2196 1526 2277 proprietate

262 2297 378 2378 singuli
400 2297 451 2360 usi
474 2295 545 2373 sint,
566 2297 677 2361 sedulo
700 2303 733 2360 et
754 2299 877 2362 curiose
893 2299 1101 2380 perquisitum
1118 2304 1175 2364 est.
1219 2299 1331 2379 Neque
1353 2317 1450 2380 opera
1471 2303 1527 2363 aut

262 2399 366 2463 oleum
389 2398 496 2480 periit3
521 2416 593 2462 narn
617 2399 657 2462 ad
679 2400 797 2463 rectius
814 2401 1045 2466 aestimandum
1069 2408 1101 2466 et
1124 2402 1222 2467 totius
1245 2401 1348 2482 gentis
1370 2407 1402 2465 et
1417 2402 1526 2466 unius·

261 2501 414 2582 cuiusque
436 2501 600 2581 scriptoris
622 2502 782 2582 ingenium
806 2511 838 2567 et
859 2502 1040 2567 facultatem
1062 2503 1185 2567 lucrum
1208 2502 1293 2566 haud
1316 2502 1465 2583 exiguum
1488 2521 1525 2568 cx

260 2603 309 2668 his
325 2604 437 2668 studiis
452 2604 606 2685 provenit.
650 2605 688 2668 In
704 2606 743 2669 iis
757 2604 848 2670 facile
871 2607 1072 2671 observatum
1097 2611 1145 2670 est
1167 2606 1329 2670 Romanos
1351 2623 1525 2685 numquam

260 2706 423 2771 dubitasse
450 2706 490 2770 ab
518 2707 573 2785 cic,
600 2708 654 2788 qui
682 2716 924 2788 antecesserant,
951 2716 986 2774 ut
1013 2728 1066 2774 res
1088 2720 1121 2773 et
1146 2715 1332 2790 argumenta
1358 2708 1402 2772 ita
1430 2708 1524 2772 etiam

259 2809 355 2874 verba
371 2816 403 2873 et
425 2809 592 2873 dictionem
615 2811 762 2888 mutuari,
784 2812 878 2892 idque
901 2813 1036 2876 maxime
1050 2811 1167 2876 iactum
1184 2829 1255 2876 esse
1275 2830 1295 2874 a
1314 2811 1430 2891 poetis,
1451 2828 1524 2876 narn

228 2929 242 2950 ⁰
259 2915 381 2974 tantum
404 2909 514 2989 abfuit,
537 2915 572 2976 ut
593 2911 653 2976 hoc
675 2913 735 2977 sibi
758 2913 834 2978 vitio
856 2915 976 2992 darent,
1005 2921 1040 2978 ut
1061 2915 1105 2978 ita
1126 2914 1197 2988 illis,
1224 2913 1339 2994 quibus
1362 2931 1397 2976 se
1425 2911 1525 2993 appli-

260 3013 382 3091 cabant,
408 3013 519 3078 laudes
541 3013 674 3078 blandas
694 3015 850 3096 impertiri
872 3021 904 3079 et
926 3016 992 3080 suis
1014 3016 1104 3080 libris
1126 3035 1163 3080 cx
1186 3015 1336 3096 operibus
1364 3019 1524 3095 spectatae

258 3114 363 3180 famae
383 3114 541 3196 expressis
563 3116 767 3197 praecipuum
784 3116 985 3198 splendorem
1005 3117 1129 3182 infundi
1148 3118 1385 3183 arbitrarentur.
1431 3115 1525 3192 Quod

257 3237 329 3282 curn
354 3218 487 3299 singulis
508 3217 586 3281 locis
607 3217 764 3284 neminem
788 3227 1072 3285 commentatorum
1094 3218 1205 3301 fugere
1227 3219 1392 3300 potuisset,
1418 3224 1524 3282 tamen

258 3339 310 3385 res
343 3321 490 3385 universa
517 3338 581 3385 non
607 3320 763 3385 illustrata
792 3328 848 3399 est,
882 3323 983 3386 donec
1011 3322 1060 3385 vir
1093 3327 1259 3385 emunctae
1294 3321 1379 3385 naris
1407 3322 1439 3385 in
1466 3320 1525 3384 hac

257 3441 341 3487 nova
367 3429 452 3487 terra
473 3424 556 3487 viam
581 3425 706 3504 aperuit
731 3429 763 3487 et
788 3424 930 3489 munivit.
975 3423 1077 3501 Quem
1100 3424 1201 3488 secuti
1224 3423 1314 3487 multi
1335 3425 1369 3486 in
1391 3423 1523 3489 eandem

257 3543 387 3590 arenam
412 3525 651 3603 descenderunt,
674 3532 710 3590 ut
730 3527 805 3590 inde
825 3526 864 3590 ab
887 3544 925 3590 eo
941 3532 1084 3607 tempore
1105 3524 1177 3589 illae
1194 3524 1432 3588 dissertationes
1452 3541 1525 3604 pro·

259 3628 375 3693 dierint
390 3633 422 3692 et
435 3629 599 3709 prodeant,
622 3628 737 3708 quibus
759 3628 914 3711 praefixae
938 3634 1012 3692 sunt
1033 3627 1267 3708 inscriptiones:
1291 3625 1341 3688 De
1362 3627 1524 3688 irritatione

256 3768 300 3777 -
323 3753 394 3808 ana,
414 3732 565 3808 Quatenus
587 3731 634 3793 lu'c
655 3733 784 3812 pendeat
811 3733 849 3794 ab
874 3733 933 3809 illo,
960 3731 1011 3793 De
1030 3731 1161 3806 fontibus
1185 3742 1211 3792 et
1235 3728 1386 3809 coemptis,
1408 3727 1524 3812 quique

256 3831 339 3895 alius
363 3832 456 3896 index
479 3832 603 3913 placuit.
649 3832 721 3910 Quo
744 3831 851 3896 labore
872 3833 1011 3898 insomni
1026 3833 1161 3896 multum
1181 3829 1365 3911 perfectum,
1388 3829 1523 3894 multum

258 3942 421 4017 peccatum
445 3943 501 4002 est.
545 3936 627 4000 Nam
650 3935 800 4012 salebrae,
829 3953 910 4016 quac
932 3937 965 3998 in
987 3954 1064 4016 agro
1087 3935 1201 4015 opimo,
1229 3933 1285 3996 sed
1315 3931 1381 3995 fere
1403 3931 1523 3996 inculto

256 4056 320 4102 non
343 4043 479 4119 possunt
500 4057 563 4102 non
586 4039 699 4115 inesse,
719 4038 809 4103 initio
838 4058 900 4103 non
923 4056 1049 4119 semper
1064 4034 1397 4101 animadvertebantur
1412 4051 1523 4114 neque,

255 4140 284 4203 si
312 4140 536 4219 sentiebantur,
567 4159 693 4223 semper
721 4142 941 4206 devitabantur
969 4140 1008 4205 ab
1037 4139 1107 4217 illis,
1141 4139 1195 4220 qui
1227 4135 1379 4202 laudabili
1410 4136 1523 4200 ardore

256 4261 340 4308 nova
373 4243 555 4310 inveniendi
581 4244 704 4325 abrepti
732 4243 853 4308 fructus
879 4243 1039 4308 interdum
1071 4241 1156 4305 haud
1187 4242 1264 4304 satis
1293 4247 1436 4303 maturos
1471 4238 1523 4303 de

257 4345 436 4427 cerpebant.
463 4343 593 4425 ltaque
614 4363 729 4426 operae
750 4346 887 4426 pretium
911 4363 983 4408 esse
1005 4345 1086 4409 duco
1108 4344 1167 4408 hac
1194 4343 1359 4407 occasione
1388 4341 1460 4404 data
1483 4341 1522 4405 de

255 4445 497 4512 difficultatibus
519 4446 551 4510 in
574 4445 633 4511 hoc
653 4465 729 4528 agro
751 4447 870 4512 arando
898 4446 999 4511 obviis
1022 4447 1187 4523 disserere,
1210 4463 1273 4510 non
1296 4463 1359 4525 quo
1382 4451 1456 4525 post
1476 4449 1524 4509 tot

257 4549 384 4614 labores
406 4549 517 4614 doctos
540 4549 640 4614 multa
661 4569 743 4615 nova
764 4568 815 4614 me
837 4550 1034 4631 prolaturum
1051 4555 1170 4630 putem,
1193 4548 1249 4612 sed
1271 4566 1311 4611 ne
1332 4548 1380 4625 iis,
1399 4548 1453 4628 qui
1474 4547 1523 4612 hic

257 4653 392 4735 primam
415 4669 553 4716 messem
576 4652 679 4716 facere
705 4658 869 4733 temptant,
896 4652 987 4728 desit,
1014 4649 1099 4731 quod
1126 4649 1315 4731 praemoniti
1343 4666 1402 4729 pro
1432 4648 1523 4712 disci·

255 4755 342 4836 plina
366 4760 397 4817 et
418 4754 594 4836 praeceptis
616 4753 758 4820 habeant
