<?xml version="1.0" encoding="UTF-8"?>
<!DOCTYPE html PUBLIC "-//W3C//DTD XHTML 1.0 Transitional//EN"
    "http://www.w3.org/TR/xhtml1/DTD/xhtml1-transitional.dtd">
<html xmlns="http://www.w3.org/1999/xhtml" xml:lang="en" lang="en">
 <head>
  <title>
</title>
<meta http-equiv="Content-Type" content="text/html;charset=utf-8" />
  <meta name='ocr-system' content='tesseract 3.04.00' />
  <meta name='ocr-capabilities' content='ocr_page ocr_carea ocr_par ocr_line ocrx_word'/>
</head>
<body>
  <div class='ocr_page' id='page_1' title='image "./deimitationescr00hosigoog_0010.png"; bbox 0 0 3628 5328; ppageno 0'>
   <div class='ocr_carea' id='block_1_1' title="bbox 778 421 967 480">
    <p class='ocr_par' dir='ltr' id='par_1_1' title="bbox 778 421 967 480">
     <span class='ocr_line' id='line_1_1' title="bbox 778 421 967 480; baseline -0.011 -14"><span class='ocrx_word' id='word_1_1' title='bbox 778 421 967 480; x_wconf 75' lang='lat'><strong><em>..5„.</em></strong></span> 
     </span>
    </p>
   </div>
   <div class='ocr_carea' id='block_1_2' title="bbox 238 603 1586 4884">
    <p class='ocr_par' dir='ltr' id='par_1_2' title="bbox 238 603 1586 4884">
     <span class='ocr_line' id='line_1_2' title="bbox 240 603 1504 686; baseline 0.002 -20"><span class='ocrx_word' id='word_1_2' title='bbox 240 604 324 667; x_wconf 92' lang='lat' dir='ltr'>idem</span> <span class='ocrx_word' id='word_1_3' title='bbox 347 603 473 668; x_wconf 84' lang='lat' dir='ltr'>Horatii</span> <span class='ocrx_word' id='word_1_4' title='bbox 489 622 513 668; x_wconf 90' lang='lat' dir='ltr'>c.</span> <span class='ocrx_word' id='word_1_5' title='bbox 529 604 546 666; x_wconf 96' lang='lat' dir='ltr'>I</span> <span class='ocrx_word' id='word_1_6' title='bbox 561 606 611 681; x_wconf 87' lang='lat'>3,8</span> <span class='ocrx_word' id='word_1_7' title='bbox 638 606 758 667; x_wconf 82' lang='grc'>07777707</span> <span class='ocrx_word' id='word_1_8' title='bbox 783 605 942 667; x_wconf 81' lang='lat' dir='ltr'>dimidium</span> <span class='ocrx_word' id='word_1_9' title='bbox 966 627 1048 668; x_wconf 82' lang='lat' dir='ltr'>meae</span> <span class='ocrx_word' id='word_1_10' title='bbox 1076 605 1258 686; x_wconf 84' lang='lat' dir='ltr'>provocavit</span> <span class='ocrx_word' id='word_1_11' title='bbox 1284 606 1504 686; x_wconf 85' lang='lat' dir='ltr'>exaggerando</span> 
     </span>
     <span class='ocr_line' id='line_1_3' title="bbox 241 705 1505 788; baseline 0.001 -19"><span class='ocrx_word' id='word_1_12' title='bbox 241 705 307 786; x_wconf 86' lang='lat' dir='ltr'>(III</span> <span class='ocrx_word' id='word_1_13' title='bbox 322 707 400 788; x_wconf 81' lang='lat' dir='ltr'>2,l):</span> <span class='ocrx_word' id='word_1_14' title='bbox 418 707 538 768; x_wconf 73' lang='grc'>7777707-</span> <span class='ocrx_word' id='word_1_15' title='bbox 548 716 672 787; x_wconf 84' lang='lat' dir='ltr'>portem</span> <span class='ocrx_word' id='word_1_16' title='bbox 685 717 803 768; x_wconf 81' lang='grc'>77071700</span> <span class='ocrx_word' id='word_1_17' title='bbox 819 708 972 770; x_wconf 81' lang='lat' dir='ltr'>maiorem.</span> <span class='ocrx_word' id='word_1_18' title='bbox 1017 707 1089 772; x_wconf 86' lang='lat' dir='ltr'>Alia</span> <span class='ocrx_word' id='word_1_19' title='bbox 1102 708 1203 788; x_wconf 85' lang='lat' dir='ltr'>magis</span> <span class='ocrx_word' id='word_1_20' title='bbox 1218 707 1339 771; x_wconf 89' lang='lat' dir='ltr'>lubrica</span> <span class='ocrx_word' id='word_1_21' title='bbox 1349 707 1505 771; x_wconf 87' lang='lat' dir='ltr'>videntur.</span> 
     </span>
     <span class='ocr_line' id='line_1_4' title="bbox 242 805 1505 887; baseline 0 -15"><span class='ocrx_word' id='word_1_22' title='bbox 242 808 335 872; x_wconf 79' lang='lat' dir='ltr'>Certe</span> <span class='ocrx_word' id='word_1_23' title='bbox 364 808 391 872; x_wconf 89' lang='lat' dir='ltr'>si</span> <span class='ocrx_word' id='word_1_24' title='bbox 421 807 539 872; x_wconf 81' lang='lat' dir='ltr'><strong>Seneca</strong></span> <span class='ocrx_word' id='word_1_25' title='bbox 569 812 709 871; x_wconf 83' lang='lat' dir='ltr'><strong>controv.</strong></span> <span class='ocrx_word' id='word_1_26' title='bbox 736 805 787 869; x_wconf 91' lang='grc' dir='ltr'>ΙΙΙ</span> <span class='ocrx_word' id='word_1_27' title='bbox 813 825 859 887; x_wconf 90' lang='lat' dir='ltr'>pr.</span> <span class='ocrx_word' id='word_1_28' title='bbox 890 812 907 872; x_wconf 83' lang='lat'>7</span> <span class='ocrx_word' id='word_1_29' title='bbox 938 809 977 873; x_wconf 92' lang='lat' dir='ltr'>de</span> <span class='ocrx_word' id='word_1_30' title='bbox 1006 809 1115 874; x_wconf 85' lang='lat' dir='ltr'>Cassio</span> <span class='ocrx_word' id='word_1_31' title='bbox 1143 810 1260 874; x_wconf 84' lang='lat' dir='ltr'>Severo</span> <span class='ocrx_word' id='word_1_32' title='bbox 1287 815 1406 873; x_wconf 89' lang='lat' dir='ltr'>narrat:</span> <span class='ocrx_word' id='word_1_33' title='bbox 1432 833 1505 872; x_wconf 85' lang='lat' dir='ltr'>roro</span> 
     </span>
     <span class='ocr_line' id='line_1_5' title="bbox 244 910 1505 992; baseline 0.001 -19"><span class='ocrx_word' id='word_1_34' title='bbox 244 912 430 974; x_wconf 72' lang='lat' dir='ltr'><em>declamabat</em></span> <span class='ocrx_word' id='word_1_35' title='bbox 451 921 477 973; x_wconf 86' lang='lat' dir='ltr'>et</span> <span class='ocrx_word' id='word_1_36' title='bbox 498 933 557 972; x_wconf 87' lang='grc'>77077</span> <span class='ocrx_word' id='word_1_37' title='bbox 579 911 637 972; x_wconf 75' lang='lat' dir='ltr'>nisi</span> <span class='ocrx_word' id='word_1_38' title='bbox 656 910 695 970; x_wconf 88' lang='lat' dir='ltr'>eb</span> <span class='ocrx_word' id='word_1_39' title='bbox 719 910 969 987; x_wconf 70' lang='lat' dir='ltr'>anticameram,</span> <span class='ocrx_word' id='word_1_40' title='bbox 997 910 1075 975; x_wconf 89' lang='lat' dir='ltr'>nihil</span> <span class='ocrx_word' id='word_1_41' title='bbox 1102 911 1262 992; x_wconf 85' lang='lat' dir='ltr'>singulare</span> <span class='ocrx_word' id='word_1_42' title='bbox 1290 931 1348 976; x_wconf 89' lang='lat' dir='ltr'>nec</span> <span class='ocrx_word' id='word_1_43' title='bbox 1374 912 1420 975; x_wconf 92' lang='lat' dir='ltr'>rei</span> <span class='ocrx_word' id='word_1_44' title='bbox 1447 929 1505 974; x_wconf 87' lang='lat' dir='ltr'>neo</span> 
     </span>
     <span class='ocr_line' id='line_1_6' title="bbox 244 1011 1506 1094; baseline -0.002 -16"><span class='ocrx_word' id='word_1_45' title='bbox 244 1014 351 1081; x_wconf 89' lang='lat' dir='ltr'>verbis</span> <span class='ocrx_word' id='word_1_46' title='bbox 378 1013 475 1094; x_wconf 88' lang='lat' dir='ltr'>inest;</span> <span class='ocrx_word' id='word_1_47' title='bbox 506 1011 595 1093; x_wconf 91' lang='lat' dir='ltr'>atqui</span> <span class='ocrx_word' id='word_1_48' title='bbox 625 1011 771 1092; x_wconf 87' lang='lat' dir='ltr'>equidem</span> <span class='ocrx_word' id='word_1_49' title='bbox 800 1013 912 1093; x_wconf 90' lang='lat' dir='ltr'>quovis</span> <span class='ocrx_word' id='word_1_50' title='bbox 938 1014 1071 1094; x_wconf 86' lang='lat' dir='ltr'>pignore</span> <span class='ocrx_word' id='word_1_51' title='bbox 1103 1015 1288 1078; x_wconf 84' lang='lat' dir='ltr'>certaverim</span> <span class='ocrx_word' id='word_1_52' title='bbox 1322 1013 1399 1078; x_wconf 89' lang='lat' dir='ltr'>haec</span> <span class='ocrx_word' id='word_1_53' title='bbox 1432 1032 1506 1078; x_wconf 87' lang='lat' dir='ltr'>cum</span> 
     </span>
     <span class='ocr_line' id='line_1_7' title="bbox 243 1115 1504 1197; baseline -0.001 -17"><span class='ocrx_word' id='word_1_54' title='bbox 243 1116 357 1180; x_wconf 88' lang='lat' dir='ltr'>litteris</span> <span class='ocrx_word' id='word_1_55' title='bbox 380 1116 553 1192; x_wconf 80' lang='lat' dir='ltr'>mandaret,</span> <span class='ocrx_word' id='word_1_56' title='bbox 581 1115 649 1178; x_wconf 91' lang='lat' dir='ltr'>viro</span> <span class='ocrx_word' id='word_1_57' title='bbox 671 1116 899 1193; x_wconf 83' lang='lat' dir='ltr'>tenacissimae,</span> <span class='ocrx_word' id='word_1_58' title='bbox 924 1121 960 1179; x_wconf 90' lang='lat' dir='ltr'>ut</span> <span class='ocrx_word' id='word_1_59' title='bbox 987 1117 1056 1197; x_wconf 89' lang='lat' dir='ltr'>ipse</span> <span class='ocrx_word' id='word_1_60' title='bbox 1086 1116 1248 1197; x_wconf 83' lang='lat' dir='ltr'>gloriatur,</span> <span class='ocrx_word' id='word_1_61' title='bbox 1280 1116 1451 1180; x_wconf 88' lang='lat' dir='ltr'>memoriae</span> <span class='ocrx_word' id='word_1_62' title='bbox 1472 1116 1504 1179; x_wconf 93' lang='lat' dir='ltr'>in</span> 
     </span>
     <span class='ocr_line' id='line_1_8' title="bbox 243 1216 1505 1300; baseline -0.002 -16"><span class='ocrx_word' id='word_1_63' title='bbox 243 1220 349 1284; x_wconf 90' lang='lat' dir='ltr'>animo</span> <span class='ocrx_word' id='word_1_64' title='bbox 376 1217 516 1282; x_wconf 87' lang='lat' dir='ltr'>haesisse</span> <span class='ocrx_word' id='word_1_65' title='bbox 544 1216 632 1294; x_wconf 91' lang='lat' dir='ltr'>illud,</span> <span class='ocrx_word' id='word_1_66' title='bbox 661 1217 746 1296; x_wconf 91' lang='lat' dir='ltr'>quod</span> <span class='ocrx_word' id='word_1_67' title='bbox 769 1217 808 1280; x_wconf 92' lang='lat' dir='ltr'>de</span> <span class='ocrx_word' id='word_1_68' title='bbox 831 1235 866 1280; x_wconf 89' lang='lat' dir='ltr'>se</span> <span class='ocrx_word' id='word_1_69' title='bbox 888 1218 1041 1284; x_wconf 88' lang='lat' dir='ltr'>Horatius</span> <span class='ocrx_word' id='word_1_70' title='bbox 1068 1219 1231 1300; x_wconf 86' lang='lat' dir='ltr'>professus</span> <span class='ocrx_word' id='word_1_71' title='bbox 1260 1225 1309 1284; x_wconf 88' lang='lat' dir='ltr'>est</span> <span class='ocrx_word' id='word_1_72' title='bbox 1335 1238 1359 1283; x_wconf 92' lang='lat' dir='ltr'>s.</span> <span class='ocrx_word' id='word_1_73' title='bbox 1381 1219 1398 1282; x_wconf 90' lang='lat'>1</span> <span class='ocrx_word' id='word_1_74' title='bbox 1420 1221 1505 1295; x_wconf 85' lang='grc'>4,73;</span> 
     </span>
     <span class='ocr_line' id='line_1_9' title="bbox 244 1321 1505 1404; baseline 0.002 -22"><span class='ocrx_word' id='word_1_75' title='bbox 244 1345 295 1384; x_wconf 83' lang='lat' dir='ltr'>nee</span> <span class='ocrx_word' id='word_1_76' title='bbox 315 1323 404 1383; x_wconf 78' lang='lat' dir='ltr'>recito</span> <span class='ocrx_word' id='word_1_77' title='bbox 426 1322 565 1404; x_wconf 80' lang='lat' dir='ltr'>cuiquem</span> <span class='ocrx_word' id='word_1_78' title='bbox 588 1321 646 1382; x_wconf 80' lang='lat' dir='ltr'>uisi</span> <span class='ocrx_word' id='word_1_79' title='bbox 670 1321 774 1382; x_wconf 80' lang='lat' dir='ltr'>amicis</span> <span class='ocrx_word' id='word_1_80' title='bbox 799 1322 888 1404; x_wconf 83' lang='lat' dir='ltr'>idque</span> <span class='ocrx_word' id='word_1_81' title='bbox 914 1331 1042 1398; x_wconf 78' lang='lat' dir='ltr'>coactam3</span> <span class='ocrx_word' id='word_1_82' title='bbox 1070 1321 1121 1384; x_wconf 92' lang='lat' dir='ltr'>cui</span> <span class='ocrx_word' id='word_1_83' title='bbox 1147 1322 1321 1384; x_wconf 87' lang='lat' dir='ltr'>sententiae</span> <span class='ocrx_word' id='word_1_84' title='bbox 1348 1321 1402 1400; x_wconf 87' lang='lat' dir='ltr'>qui</span> <span class='ocrx_word' id='word_1_85' title='bbox 1432 1321 1505 1384; x_wconf 87' lang='lat' dir='ltr'>sub·</span> 
     </span>
     <span class='ocr_line' id='line_1_10' title="bbox 245 1421 1505 1501; baseline 0 -13"><span class='ocrx_word' id='word_1_86' title='bbox 245 1424 383 1488; x_wconf 89' lang='lat' dir='ltr'>scribere</span> <span class='ocrx_word' id='word_1_87' title='bbox 405 1424 560 1498; x_wconf 86' lang='lat' dir='ltr'>vereatur,</span> <span class='ocrx_word' id='word_1_88' title='bbox 582 1421 733 1485; x_wconf 87' lang='lat' dir='ltr'>libentius</span> <span class='ocrx_word' id='word_1_89' title='bbox 755 1421 891 1486; x_wconf 85' lang='lat' dir='ltr'>fortasse</span> <span class='ocrx_word' id='word_1_90' title='bbox 914 1441 1027 1486; x_wconf 91' lang='lat' dir='ltr'>manus</span> <span class='ocrx_word' id='word_1_91' title='bbox 1049 1423 1144 1501; x_wconf 88' lang='lat' dir='ltr'>dabit,</span> <span class='ocrx_word' id='word_1_92' title='bbox 1172 1424 1198 1486; x_wconf 90' lang='lat' dir='ltr'>si</span> <span class='ocrx_word' id='word_1_93' title='bbox 1221 1424 1334 1488; x_wconf 86' lang='lat' dir='ltr'>viderit</span> <span class='ocrx_word' id='word_1_94' title='bbox 1356 1442 1394 1486; x_wconf 84' lang='lat' dir='ltr'>ex</span> <span class='ocrx_word' id='word_1_95' title='bbox 1423 1424 1505 1488; x_wconf 88' lang='lat' dir='ltr'>eius·</span> 
     </span>
     <span class='ocr_line' id='line_1_11' title="bbox 245 1525 1504 1590; baseline 0 0"><span class='ocrx_word' id='word_1_96' title='bbox 245 1527 316 1590; x_wconf 89' lang='lat' dir='ltr'>dem</span> <span class='ocrx_word' id='word_1_97' title='bbox 340 1525 456 1589; x_wconf 89' lang='lat' dir='ltr'>satirae</span> <span class='ocrx_word' id='word_1_98' title='bbox 478 1544 506 1588; x_wconf 84' lang='lat' dir='ltr'>v.</span> <span class='ocrx_word' id='word_1_99' title='bbox 531 1527 568 1587; x_wconf 86' lang='grc'>11</span> <span class='ocrx_word' id='word_1_100' title='bbox 593 1541 758 1588; x_wconf 84' lang='lat' dir='ltr'>censuram</span> <span class='ocrx_word' id='word_1_101' title='bbox 782 1525 822 1588; x_wconf 91' lang='lat' dir='ltr'>de</span> <span class='ocrx_word' id='word_1_102' title='bbox 841 1525 961 1588; x_wconf 91' lang='lat' dir='ltr'>Lucilio</span> <span class='ocrx_word' id='word_1_103' title='bbox 981 1531 1082 1588; x_wconf 87' lang='lat' dir='ltr'>actam</span> <span class='ocrx_word' id='word_1_104' title='bbox 1099 1527 1262 1590; x_wconf 87' lang='lat' dir='ltr'>transiisse</span> <span class='ocrx_word' id='word_1_105' title='bbox 1281 1527 1321 1590; x_wconf 92' lang='lat' dir='ltr'>ad</span> <span class='ocrx_word' id='word_1_106' title='bbox 1337 1527 1504 1590; x_wconf 86' lang='lat' dir='ltr'>Haterium</span> 
     </span>
     <span class='ocr_line' id='line_1_12' title="bbox 245 1626 1506 1713; baseline -0.002 -20"><span class='ocrx_word' id='word_1_107' title='bbox 245 1628 330 1710; x_wconf 89' lang='lat' dir='ltr'>apud</span> <span class='ocrx_word' id='word_1_108' title='bbox 352 1628 511 1692; x_wconf 86' lang='lat' dir='ltr'>rhetorem</span> <span class='ocrx_word' id='word_1_109' title='bbox 534 1633 632 1691; x_wconf 86' lang='lat' dir='ltr'>contr.</span> <span class='ocrx_word' id='word_1_110' title='bbox 655 1626 702 1690; x_wconf 91' lang='lat' dir='ltr'>IV</span> <span class='ocrx_word' id='word_1_111' title='bbox 724 1645 770 1708; x_wconf 91' lang='lat' dir='ltr'>pr.</span> <span class='ocrx_word' id='word_1_112' title='bbox 791 1629 828 1690; x_wconf 89' lang='grc'>11</span> <span class='ocrx_word' id='word_1_113' title='bbox 843 1629 937 1689; x_wconf 74' lang='lat' dir='ltr'>neuile</span> <span class='ocrx_word' id='word_1_114' title='bbox 952 1640 1047 1710; x_wconf 76' lang='lat' dir='ltr'>erem,</span> <span class='ocrx_word' id='word_1_115' title='bbox 1062 1652 1137 1713; x_wconf 75' lang='lat' dir='ltr'>qccae</span> <span class='ocrx_word' id='word_1_116' title='bbox 1150 1630 1389 1712; x_wconf 81' lang='lat' dir='ltr'>reprehenderes,</span> <span class='ocrx_word' id='word_1_117' title='bbox 1403 1631 1506 1707; x_wconf 79' lang='grc'>7777177,</span> 
     </span>
     <span class='ocr_line' id='line_1_13' title="bbox 247 1729 1505 1816; baseline 0.003 -25"><span class='ocrx_word' id='word_1_118' title='bbox 247 1753 322 1815; x_wconf 73' lang='lat' dir='ltr'>quere</span> <span class='ocrx_word' id='word_1_119' title='bbox 336 1731 505 1810; x_wconf 66' lang='grc'>7777107777,</span> <span class='ocrx_word' id='word_1_120' title='bbox 527 1751 594 1789; x_wconf 84' lang='lat' dir='ltr'>eam</span> <span class='ocrx_word' id='word_1_121' title='bbox 615 1730 753 1790; x_wconf 80' lang='lat' dir='ltr'>torrentis</span> <span class='ocrx_word' id='word_1_122' title='bbox 774 1729 862 1791; x_wconf 86' lang='lat' dir='ltr'>modo</span> <span class='ocrx_word' id='word_1_123' title='bbox 884 1751 1010 1812; x_wconf 73' lang='grc'>77097717</span> <span class='ocrx_word' id='word_1_124' title='bbox 1032 1733 1161 1815; x_wconf 79' lang='lat' dir='ltr'>quidem,</span> <span class='ocrx_word' id='word_1_125' title='bbox 1180 1735 1232 1795; x_wconf 85' lang='lat' dir='ltr'>sed</span> <span class='ocrx_word' id='word_1_126' title='bbox 1245 1734 1381 1810; x_wconf 78' lang='lat' dir='ltr'>turbidus</span> <span class='ocrx_word' id='word_1_127' title='bbox 1391 1733 1505 1816; x_wconf 71' lang='lat' dir='ltr'>demet.</span> 
     </span>
     <span class='ocr_line' id='line_1_14' title="bbox 246 1831 1506 1912; baseline -0.001 -15"><span class='ocrx_word' id='word_1_128' title='bbox 246 1831 395 1897; x_wconf 84' lang='lat' dir='ltr'>Similiter</span> <span class='ocrx_word' id='word_1_129' title='bbox 413 1849 516 1911; x_wconf 89' lang='lat' dir='ltr'>neque</span> <span class='ocrx_word' id='word_1_130' title='bbox 531 1831 644 1911; x_wconf 87' lang='lat' dir='ltr'>opinor</span> <span class='ocrx_word' id='word_1_131' title='bbox 660 1835 695 1893; x_wconf 91' lang='lat' dir='ltr'>ut</span> <span class='ocrx_word' id='word_1_132' title='bbox 715 1831 840 1895; x_wconf 89' lang='lat' dir='ltr'>dubites</span> <span class='ocrx_word' id='word_1_133' title='bbox 857 1831 940 1896; x_wconf 89' lang='lat' dir='ltr'>filius</span> <span class='ocrx_word' id='word_1_134' title='bbox 953 1834 1024 1898; x_wconf 91' lang='lat' dir='ltr'>dial.</span> <span class='ocrx_word' id='word_1_135' title='bbox 1036 1835 1082 1898; x_wconf 92' lang='lat' dir='ltr'>IV</span> <span class='ocrx_word' id='word_1_136' title='bbox 1094 1837 1144 1912; x_wconf 83' lang='lat'>2,5</span> <span class='ocrx_word' id='word_1_137' title='bbox 1156 1835 1330 1897; x_wconf 75' lang='lat' dir='ltr'>adridemus</span> <span class='ocrx_word' id='word_1_138' title='bbox 1345 1835 1506 1898; x_wconf 71' lang='grc'>7777717077</span> 
     </span>
     <span class='ocr_line' id='line_1_15' title="bbox 245 1935 1506 2003; baseline 0.002 -4"><span class='ocrx_word' id='word_1_139' title='bbox 245 1937 436 1999; x_wconf 73' lang='lat' dir='ltr'>recontristet</span> <span class='ocrx_word' id='word_1_140' title='bbox 453 1935 608 1996; x_wconf 76' lang='grc'>7707177777</span> <span class='ocrx_word' id='word_1_141' title='bbox 624 1935 816 1995; x_wconf 80' lang='lat' dir='ltr'>maerentium</span> <span class='ocrx_word' id='word_1_142' title='bbox 838 1935 869 1997; x_wconf 91' lang='lat' dir='ltr'>in</span> <span class='ocrx_word' id='word_1_143' title='bbox 886 1954 980 2000; x_wconf 91' lang='lat' dir='ltr'>usum</span> <span class='ocrx_word' id='word_1_144' title='bbox 1001 1956 1094 2000; x_wconf 92' lang='lat' dir='ltr'>snum</span> <span class='ocrx_word' id='word_1_145' title='bbox 1110 1938 1265 2001; x_wconf 83' lang='lat' dir='ltr'>convertit</span> <span class='ocrx_word' id='word_1_146' title='bbox 1280 1938 1434 2001; x_wconf 89' lang='lat' dir='ltr'>Venusini</span> <span class='ocrx_word' id='word_1_147' title='bbox 1449 1944 1506 2003; x_wconf 89' lang='lat' dir='ltr'>art.</span> 
     </span>
     <span class='ocr_line' id='line_1_16' title="bbox 244 2030 1506 2124; baseline 0.002 -24"><span class='ocrx_word' id='word_1_148' title='bbox 244 2058 274 2120; x_wconf 90' lang='lat' dir='ltr'>p.</span> <span class='ocrx_word' id='word_1_149' title='bbox 302 2039 359 2101; x_wconf 90' lang='lat' dir='ltr'>lol</span> <span class='ocrx_word' id='word_1_150' title='bbox 383 2047 414 2097; x_wconf 82' lang='lat' dir='ltr'>er</span> <span class='ocrx_word' id='word_1_151' title='bbox 435 2037 599 2098; x_wconf 75' lang='lat' dir='ltr'>ridentibus</span> <span class='ocrx_word' id='word_1_152' title='bbox 620 2036 770 2112; x_wconf 69' lang='lat' dir='ltr'>udradait,</span> <span class='ocrx_word' id='word_1_153' title='bbox 793 2037 835 2098; x_wconf 85' lang='lat' dir='ltr'>ite</span> <span class='ocrx_word' id='word_1_154' title='bbox 847 2037 990 2121; x_wconf 80' lang='lat' dir='ltr'>flentibus</span> <span class='ocrx_word' id='word_1_155' title='bbox 1007 2040 1119 2124; x_wconf 78' lang='lat' dir='ltr'>adstent</span> <span class='ocrx_word' id='word_1_156' title='bbox 1137 2039 1262 2100; x_wconf 83' lang='lat' dir='ltr'>humani</span> <span class='ocrx_word' id='word_1_157' title='bbox 1275 2040 1375 2116; x_wconf 76' lang='grc'>0011777,</span> <span class='ocrx_word' id='word_1_158' title='bbox 1398 2030 1506 2120; x_wconf 85' lang='lat' dir='ltr'>sicque</span> 
     </span>
     <span class='ocr_line' id='line_1_17' title="bbox 244 2127 1507 2221; baseline 0.001 -17"><span class='ocrx_word' id='word_1_159' title='bbox 244 2142 357 2206; x_wconf 89' lang='lat' dir='ltr'>tertius</span> <span class='ocrx_word' id='word_1_160' title='bbox 388 2139 593 2202; x_wconf 86' lang='lat' dir='ltr'>Annaeorum</span> <span class='ocrx_word' id='word_1_161' title='bbox 626 2139 780 2215; x_wconf 74' lang='lat' dir='ltr'>Lucanus</span> <span class='ocrx_word' id='word_1_162' title='bbox 822 2157 893 2203; x_wconf 89' lang='lat' dir='ltr'>cum</span> <span class='ocrx_word' id='word_1_163' title='bbox 923 2141 1031 2204; x_wconf 88' lang='lat' dir='ltr'>ederet</span> <span class='ocrx_word' id='word_1_164' title='bbox 1059 2142 1075 2205; x_wconf 94' lang='grc' dir='ltr'>Ι</span> <span class='ocrx_word' id='word_1_165' title='bbox 1102 2144 1162 2204; x_wconf 84' lang='grc'>277</span> <span class='ocrx_word' id='word_1_166' title='bbox 1195 2140 1268 2221; x_wconf 65' lang='lat' dir='ltr'>lepra</span> <span class='ocrx_word' id='word_1_167' title='bbox 1296 2140 1369 2203; x_wconf 83' lang='lat' dir='ltr'>bello</span> <span class='ocrx_word' id='word_1_168' title='bbox 1401 2127 1507 2205; x_wconf 78' lang='lat' dir='ltr'>siluere</span> 
     </span>
     <span class='ocr_line' id='line_1_18' title="bbox 242 2240 1507 2323; baseline 0.001 -18"><span class='ocrx_word' id='word_1_169' title='bbox 242 2255 368 2323; x_wconf 81' lang='lat' dir='ltr'>coactae,</span> <span class='ocrx_word' id='word_1_170' title='bbox 398 2241 636 2305; x_wconf 87' lang='lat' dir='ltr'>celeberrimum</span> <span class='ocrx_word' id='word_1_171' title='bbox 670 2241 733 2321; x_wconf 86' lang='lat' dir='ltr'>(vd.</span> <span class='ocrx_word' id='word_1_172' title='bbox 757 2240 863 2318; x_wconf 82' lang='lat' dir='ltr'>Quint.</span> <span class='ocrx_word' id='word_1_173' title='bbox 889 2243 915 2304; x_wconf 85' lang='lat' dir='ltr'>V</span> <span class='ocrx_word' id='word_1_174' title='bbox 941 2245 1043 2319; x_wconf 62' lang='grc'>14177</span> <span class='ocrx_word' id='word_1_175' title='bbox 1079 2242 1239 2309; x_wconf 85' lang='lat' dir='ltr'>Ciceronis</span> <span class='ocrx_word' id='word_1_176' title='bbox 1273 2242 1390 2307; x_wconf 86' lang='lat' dir='ltr'>dictum</span> <span class='ocrx_word' id='word_1_177' title='bbox 1423 2245 1507 2306; x_wconf 78' lang='grc'>7717777</span> 
     </span>
     <span class='ocr_line' id='line_1_19' title="bbox 242 2337 1506 2426; baseline 0.001 -18"><span class='ocrx_word' id='word_1_178' title='bbox 242 2348 319 2408; x_wconf 82' lang='lat' dir='ltr'>erim</span> <span class='ocrx_word' id='word_1_179' title='bbox 341 2347 415 2420; x_wconf 62' lang='lat' dir='ltr'>lenes</span> <span class='ocrx_word' id='word_1_180' title='bbox 437 2345 513 2407; x_wconf 83' lang='lat' dir='ltr'>iuter</span> <span class='ocrx_word' id='word_1_181' title='bbox 532 2367 620 2406; x_wconf 83' lang='lat' dir='ltr'>armo</span> <span class='ocrx_word' id='word_1_182' title='bbox 644 2353 715 2424; x_wconf 84' lang='lat' dir='ltr'>(pro</span> <span class='ocrx_word' id='word_1_183' title='bbox 738 2345 803 2408; x_wconf 94' lang='lat' dir='ltr'>Mil.</span> <span class='ocrx_word' id='word_1_184' title='bbox 825 2345 870 2410; x_wconf 93' lang='lat' dir='ltr'>IV</span> <span class='ocrx_word' id='word_1_185' title='bbox 896 2347 946 2420; x_wconf 67' lang='lat'>10)</span> <span class='ocrx_word' id='word_1_186' title='bbox 969 2345 1083 2408; x_wconf 86' lang='lat' dir='ltr'>animis</span> <span class='ocrx_word' id='word_1_187' title='bbox 1105 2363 1252 2408; x_wconf 88' lang='lat' dir='ltr'>revocare</span> <span class='ocrx_word' id='word_1_188' title='bbox 1274 2337 1382 2423; x_wconf 86' lang='lat' dir='ltr'>voluit,</span> <span class='ocrx_word' id='word_1_189' title='bbox 1404 2364 1506 2426; x_wconf 91' lang='lat' dir='ltr'>neque</span> 
     </span>
     <span class='ocr_line' id='line_1_20' title="bbox 243 2445 1506 2531; baseline 0.001 -21"><span class='ocrx_word' id='word_1_190' title='bbox 243 2465 315 2511; x_wconf 91' lang='lat' dir='ltr'>eum</span> <span class='ocrx_word' id='word_1_191' title='bbox 345 2448 373 2512; x_wconf 90' lang='lat' dir='ltr'>V</span> <span class='ocrx_word' id='word_1_192' title='bbox 396 2449 458 2510; x_wconf 86' lang='grc'>268</span> <span class='ocrx_word' id='word_1_193' title='bbox 486 2445 636 2508; x_wconf 73' lang='lat' dir='ltr'>Rhodano</span> <span class='ocrx_word' id='word_1_194' title='bbox 663 2447 825 2531; x_wconf 72' lang='lat' dir='ltr'>Eleaeque</span> <span class='ocrx_word' id='word_1_195' title='bbox 854 2449 980 2509; x_wconf 76' lang='lat' dir='ltr'>selectis</span> <span class='ocrx_word' id='word_1_196' title='bbox 1008 2447 1228 2529; x_wconf 87' lang='lat' dir='ltr'>copulaturum</span> <span class='ocrx_word' id='word_1_197' title='bbox 1255 2446 1356 2511; x_wconf 83' lang='lat' dir='ltr'>fuisse</span> <span class='ocrx_word' id='word_1_198' title='bbox 1384 2466 1506 2526; x_wconf 87' lang='lat' dir='ltr'>censeo,</span> 
     </span>
     <span class='ocr_line' id='line_1_21' title="bbox 244 2547 1504 2633; baseline -0.002 -18"><span class='ocrx_word' id='word_1_199' title='bbox 244 2551 305 2615; x_wconf 87' lang='lat' dir='ltr'>nisi</span> <span class='ocrx_word' id='word_1_200' title='bbox 327 2549 551 2615; x_wconf 82' lang='lat' dir='ltr'>antecessisset</span> <span class='ocrx_word' id='word_1_201' title='bbox 566 2547 701 2613; x_wconf 86' lang='lat' dir='ltr'>Ovidius</span> <span class='ocrx_word' id='word_1_202' title='bbox 719 2547 739 2614; x_wconf 90' lang='lat' dir='ltr'>f.</span> <span class='ocrx_word' id='word_1_203' title='bbox 755 2549 808 2612; x_wconf 93' lang='grc' dir='ltr'>ΙΙΙ</span> <span class='ocrx_word' id='word_1_204' title='bbox 824 2551 884 2613; x_wconf 79' lang='lat'>729</span> <span class='ocrx_word' id='word_1_205' title='bbox 908 2549 1014 2631; x_wconf 71' lang='grc'>(717790</span> <span class='ocrx_word' id='word_1_206' title='bbox 1031 2561 1145 2633; x_wconf 83' lang='lat' dir='ltr'>totoque</span> <span class='ocrx_word' id='word_1_207' title='bbox 1160 2549 1278 2612; x_wconf 79' lang='lat' dir='ltr'>Oriente</span> <span class='ocrx_word' id='word_1_208' title='bbox 1292 2551 1418 2626; x_wconf 77' lang='grc'>77170010,</span> <span class='ocrx_word' id='word_1_209' title='bbox 1434 2568 1504 2613; x_wconf 92' lang='lat' dir='ltr'>cum</span> 
     </span>
     <span class='ocr_line' id='line_1_22' title="bbox 238 2650 1506 2742; baseline -0.002 -24"><span class='ocrx_word' id='word_1_210' title='bbox 238 2657 370 2742; x_wconf 77' lang='lat' dir='ltr'>fluvium</span> <span class='ocrx_word' id='word_1_211' title='bbox 391 2655 523 2733; x_wconf 73' lang='lat' dir='ltr'>subicere</span> <span class='ocrx_word' id='word_1_212' title='bbox 543 2651 639 2716; x_wconf 88' lang='lat' dir='ltr'>dictio</span> <span class='ocrx_word' id='word_1_213' title='bbox 665 2653 708 2715; x_wconf 89' lang='lat' dir='ltr'>sit</span> <span class='ocrx_word' id='word_1_214' title='bbox 732 2650 816 2716; x_wconf 89' lang='lat' dir='ltr'>haud</span> <span class='ocrx_word' id='word_1_215' title='bbox 841 2652 981 2732; x_wconf 85' lang='lat' dir='ltr'>vulgaris</span> <span class='ocrx_word' id='word_1_216' title='bbox 1005 2653 1089 2732; x_wconf 91' lang='lat' dir='ltr'>apud</span> <span class='ocrx_word' id='word_1_217' title='bbox 1109 2651 1220 2715; x_wconf 87' lang='lat' dir='ltr'>aetatis</span> <span class='ocrx_word' id='word_1_218' title='bbox 1232 2651 1416 2730; x_wconf 83' lang='lat' dir='ltr'>Augusteae</span> <span class='ocrx_word' id='word_1_219' title='bbox 1431 2670 1506 2732; x_wconf 89' lang='lat' dir='ltr'>poe-</span> 
     </span>
     <span class='ocr_line' id='line_1_23' title="bbox 242 2754 1505 2835; baseline -0.002 -15"><span class='ocrx_word' id='word_1_220' title='bbox 242 2763 306 2820; x_wconf 89' lang='lat' dir='ltr'>tam</span> <span class='ocrx_word' id='word_1_221' title='bbox 320 2761 468 2818; x_wconf 85' lang='lat' dir='ltr'>exeusata</span> <span class='ocrx_word' id='word_1_222' title='bbox 483 2754 591 2819; x_wconf 87' lang='lat' dir='ltr'>addito</span> <span class='ocrx_word' id='word_1_223' title='bbox 605 2755 731 2832; x_wconf 77' lang='lat' dir='ltr'>Oriente,</span> <span class='ocrx_word' id='word_1_224' title='bbox 745 2755 853 2835; x_wconf 90' lang='lat' dir='ltr'>sicque</span> <span class='ocrx_word' id='word_1_225' title='bbox 869 2754 919 2818; x_wconf 91' lang='lat' dir='ltr'>hic</span> <span class='ocrx_word' id='word_1_226' title='bbox 938 2755 1170 2835; x_wconf 88' lang='lat' dir='ltr'>quodammodo</span> <span class='ocrx_word' id='word_1_227' title='bbox 1182 2759 1283 2818; x_wconf 89' lang='lat' dir='ltr'>tectus</span> <span class='ocrx_word' id='word_1_228' title='bbox 1298 2760 1370 2818; x_wconf 87' lang='lat' dir='ltr'>met.</span> <span class='ocrx_word' id='word_1_229' title='bbox 1384 2754 1431 2818; x_wconf 88' lang='lat' dir='ltr'>IX</span> <span class='ocrx_word' id='word_1_230' title='bbox 1443 2756 1505 2818; x_wconf 82' lang='lat'>409</span> 
     </span>
     <span class='ocr_line' id='line_1_24' title="bbox 245 2857 1505 2940; baseline -0.002 -18"><span class='ocrx_word' id='word_1_231' title='bbox 245 2877 343 2922; x_wconf 90' lang='lat' dir='ltr'>ausus</span> <span class='ocrx_word' id='word_1_232' title='bbox 365 2865 413 2920; x_wconf 90' lang='lat' dir='ltr'>est</span> <span class='ocrx_word' id='word_1_233' title='bbox 427 2857 547 2938; x_wconf 86' lang='lat' dir='ltr'>fingere</span> <span class='ocrx_word' id='word_1_234' title='bbox 566 2857 634 2919; x_wconf 84' lang='grc'>77771</span> <span class='ocrx_word' id='word_1_235' title='bbox 648 2859 807 2940; x_wconf 69' lang='lat' dir='ltr'>murraque</span> <span class='ocrx_word' id='word_1_236' title='bbox 830 2859 998 2940; x_wconf 74' lang='lat' dir='ltr'>dornaeqee,</span> <span class='ocrx_word' id='word_1_237' title='bbox 1021 2858 1172 2921; x_wconf 88' lang='lat' dir='ltr'>audacius</span> <span class='ocrx_word' id='word_1_238' title='bbox 1194 2857 1384 2921; x_wconf 89' lang='lat' dir='ltr'>adieetivum</span> <span class='ocrx_word' id='word_1_239' title='bbox 1403 2857 1505 2920; x_wconf 87' lang='lat' dir='ltr'>solum</span> 
     </span>
     <span class='ocr_line' id='line_1_25' title="bbox 247 2958 1506 3042; baseline -0.001 -17"><span class='ocrx_word' id='word_1_240' title='bbox 247 2961 356 3025; x_wconf 88' lang='lat' dir='ltr'>eadem</span> <span class='ocrx_word' id='word_1_241' title='bbox 381 2960 558 3024; x_wconf 88' lang='lat' dir='ltr'>dementiae</span> <span class='ocrx_word' id='word_1_242' title='bbox 580 2958 809 3040; x_wconf 80' lang='lat' dir='ltr'>significatione</span> <span class='ocrx_word' id='word_1_243' title='bbox 830 2960 937 3040; x_wconf 88' lang='lat' dir='ltr'>epicus</span> <span class='ocrx_word' id='word_1_244' title='bbox 962 2961 1129 3041; x_wconf 88' lang='lat' dir='ltr'>usurpavit</span> <span class='ocrx_word' id='word_1_245' title='bbox 1151 2960 1197 3024; x_wconf 93' lang='lat' dir='ltr'>VI</span> <span class='ocrx_word' id='word_1_246' title='bbox 1220 2962 1280 3022; x_wconf 85' lang='grc'>357</span> <span class='ocrx_word' id='word_1_247' title='bbox 1305 2959 1506 3042; x_wconf 69' lang='grc'>7771710077.</span> 
     </span>
     <span class='ocr_line' id='line_1_26' title="bbox 248 3061 1507 3144; baseline -0.003 -17"><span class='ocrx_word' id='word_1_248' title='bbox 248 3061 365 3127; x_wconf 81' lang='lat' dir='ltr'>Contra</span> <span class='ocrx_word' id='word_1_249' title='bbox 395 3062 445 3125; x_wconf 91' lang='lat' dir='ltr'>hic</span> <span class='ocrx_word' id='word_1_250' title='bbox 473 3061 536 3124; x_wconf 92' lang='lat' dir='ltr'>VII</span> <span class='ocrx_word' id='word_1_251' title='bbox 562 3064 620 3124; x_wconf 87' lang='lat'>151</span> <span class='ocrx_word' id='word_1_252' title='bbox 649 3084 707 3123; x_wconf 87' lang='grc'>7077</span> <span class='ocrx_word' id='word_1_253' title='bbox 734 3071 831 3122; x_wconf 79' lang='lat' dir='ltr'>taurea</span> <span class='ocrx_word' id='word_1_254' title='bbox 861 3063 999 3124; x_wconf 78' lang='lat' dir='ltr'>abstinuit</span> <span class='ocrx_word' id='word_1_255' title='bbox 1024 3075 1159 3125; x_wconf 81' lang='grc'>00717707</span> <span class='ocrx_word' id='word_1_256' title='bbox 1184 3065 1315 3144; x_wconf 79' lang='lat' dir='ltr'>prodere</span> <span class='ocrx_word' id='word_1_257' title='bbox 1340 3085 1424 3124; x_wconf 74' lang='grc'>077777</span> <span class='ocrx_word' id='word_1_258' title='bbox 1449 3085 1507 3143; x_wconf 79' lang='lat' dir='ltr'>per</span> 
     </span>
     <span class='ocr_line' id='line_1_27' title="bbox 244 3162 1507 3246; baseline -0.001 -19"><span class='ocrx_word' id='word_1_259' title='bbox 244 3167 345 3228; x_wconf 81' lang='lat' dir='ltr'>cerias</span> <span class='ocrx_word' id='word_1_260' title='bbox 356 3165 487 3246; x_wconf 83' lang='lat' dir='ltr'>fortene</span> <span class='ocrx_word' id='word_1_261' title='bbox 509 3173 593 3224; x_wconf 81' lang='lat' dir='ltr'>notae</span> <span class='ocrx_word' id='word_1_262' title='bbox 615 3163 750 3241; x_wconf 83' lang='lat' dir='ltr'>praeivit</span> <span class='ocrx_word' id='word_1_263' title='bbox 772 3162 848 3226; x_wconf 87' lang='lat' dir='ltr'>Silio</span> <span class='ocrx_word' id='word_1_264' title='bbox 866 3162 946 3227; x_wconf 92' lang='lat' dir='ltr'>VIII</span> <span class='ocrx_word' id='word_1_265' title='bbox 963 3165 1025 3228; x_wconf 84' lang='grc'>624</span> <span class='ocrx_word' id='word_1_266' title='bbox 1047 3187 1098 3226; x_wconf 80' lang='lat' dir='ltr'>aec</span> <span class='ocrx_word' id='word_1_267' title='bbox 1120 3174 1268 3226; x_wconf 79' lang='lat' dir='ltr'>cessarent</span> <span class='ocrx_word' id='word_1_268' title='bbox 1282 3165 1385 3244; x_wconf 78' lang='lat' dir='ltr'>superi</span> <span class='ocrx_word' id='word_1_269' title='bbox 1398 3165 1507 3226; x_wconf 82' lang='lat' dir='ltr'>vicinos</span> 
     </span>
     <span class='ocr_line' id='line_1_28' title="bbox 244 3265 1507 3348; baseline -0.001 -21"><span class='ocrx_word' id='word_1_270' title='bbox 244 3267 377 3348; x_wconf 82' lang='lat' dir='ltr'>prodere</span> <span class='ocrx_word' id='word_1_271' title='bbox 398 3265 496 3327; x_wconf 84' lang='lat' dir='ltr'>clades</span> <span class='ocrx_word' id='word_1_272' title='bbox 517 3265 696 3344; x_wconf 86' lang='lat' dir='ltr'>iterumque</span> <span class='ocrx_word' id='word_1_273' title='bbox 719 3265 747 3328; x_wconf 85' lang='lat' dir='ltr'>ei</span> <span class='ocrx_word' id='word_1_274' title='bbox 769 3265 889 3344; x_wconf 85' lang='lat' dir='ltr'>placuit</span> <span class='ocrx_word' id='word_1_275' title='bbox 908 3265 955 3328; x_wconf 90' lang='lat' dir='ltr'>IX</span> <span class='ocrx_word' id='word_1_276' title='bbox 981 3268 996 3328; x_wconf 90' lang='grc'>1</span> <span class='ocrx_word' id='word_1_277' title='bbox 1027 3267 1177 3348; x_wconf 79' lang='lat' dir='ltr'>cladisque</span> <span class='ocrx_word' id='word_1_278' title='bbox 1204 3265 1325 3342; x_wconf 72' lang='lat' dir='ltr'>fattarae</span> <span class='ocrx_word' id='word_1_279' title='bbox 1345 3267 1431 3347; x_wconf 75' lang='lat' dir='ltr'>sipae</span> <span class='ocrx_word' id='word_1_280' title='bbox 1450 3287 1507 3346; x_wconf 83' lang='lat' dir='ltr'>per</span> 
     </span>
     <span class='ocr_line' id='line_1_29' title="bbox 246 3365 1505 3448; baseline 0.003 -18"><span class='ocrx_word' id='word_1_281' title='bbox 246 3369 412 3430; x_wconf 83' lang='lat' dir='ltr'>Ausonium</span> <span class='ocrx_word' id='word_1_282' title='bbox 426 3368 621 3448; x_wconf 78' lang='lat' dir='ltr'>prodentibus</span> <span class='ocrx_word' id='word_1_283' title='bbox 635 3369 723 3429; x_wconf 84' lang='lat' dir='ltr'>irrita</span> <span class='ocrx_word' id='word_1_284' title='bbox 739 3368 823 3445; x_wconf 83' lang='lat' dir='ltr'>diois,</span> <span class='ocrx_word' id='word_1_285' title='bbox 839 3365 892 3430; x_wconf 84' lang='lat' dir='ltr'>cfr.</span> <span class='ocrx_word' id='word_1_286' title='bbox 905 3367 999 3429; x_wconf 90' lang='lat' dir='ltr'>etiam</span> <span class='ocrx_word' id='word_1_287' title='bbox 1015 3369 1074 3430; x_wconf 79' lang='grc'>178</span> <span class='ocrx_word' id='word_1_288' title='bbox 1089 3367 1198 3434; x_wconf 84' lang='lat' dir='ltr'>Claud.</span> <span class='ocrx_word' id='word_1_289' title='bbox 1212 3386 1296 3431; x_wconf 86' lang='lat' dir='ltr'>oonS.</span> <span class='ocrx_word' id='word_1_290' title='bbox 1313 3367 1379 3434; x_wconf 83' lang='lat' dir='ltr'>Stil.</span> <span class='ocrx_word' id='word_1_291' title='bbox 1389 3368 1423 3431; x_wconf 93' lang='lat' dir='ltr'>II</span> <span class='ocrx_word' id='word_1_292' title='bbox 1436 3370 1505 3434; x_wconf 87' lang='grc'><strong>291.</strong></span> 
     </span>
     <span class='ocr_line' id='line_1_30' title="bbox 245 3468 1507 3554; baseline 0 -20"><span class='ocrx_word' id='word_1_293' title='bbox 245 3469 296 3534; x_wconf 85' lang='lat' dir='ltr'>Sic</span> <span class='ocrx_word' id='word_1_294' title='bbox 328 3468 419 3533; x_wconf 84' lang='lat' dir='ltr'>Statii</span> <span class='ocrx_word' id='word_1_295' title='bbox 445 3469 534 3533; x_wconf 89' lang='lat' dir='ltr'>locus</span> <span class='ocrx_word' id='word_1_296' title='bbox 564 3469 725 3534; x_wconf 88' lang='lat' dir='ltr'>Vollmero</span> <span class='ocrx_word' id='word_1_297' title='bbox 747 3489 810 3534; x_wconf 92' lang='lat' dir='ltr'>non</span> <span class='ocrx_word' id='word_1_298' title='bbox 834 3469 998 3550; x_wconf 85' lang='lat' dir='ltr'>expeditus</span> <span class='ocrx_word' id='word_1_299' title='bbox 1021 3488 1044 3535; x_wconf 90' lang='lat' dir='ltr'>s.</span> <span class='ocrx_word' id='word_1_300' title='bbox 1068 3470 1084 3533; x_wconf 93' lang='grc' dir='ltr'>Ι</span> <span class='ocrx_word' id='word_1_301' title='bbox 1106 3473 1178 3547; x_wconf 66' lang='lat' dir='ltr'>edo</span> <span class='ocrx_word' id='word_1_302' title='bbox 1200 3471 1507 3554; x_wconf 72' lang='grc'>1777777771-197777777</span> 
     </span>
     <span class='ocr_line' id='line_1_31' title="bbox 240 3572 1509 3654; baseline 0.003 -20"><span class='ocrx_word' id='word_1_303' title='bbox 240 3573 337 3654; x_wconf 77' lang='lat' dir='ltr'>plebia</span> <span class='ocrx_word' id='word_1_304' title='bbox 356 3573 454 3654; x_wconf 71' lang='grc'>1779770</span> <span class='ocrx_word' id='word_1_305' title='bbox 470 3583 604 3654; x_wconf 77' lang='lat' dir='ltr'>potentes</span> <span class='ocrx_word' id='word_1_306' title='bbox 627 3572 729 3636; x_wconf 89' lang='lat' dir='ltr'>lucem</span> <span class='ocrx_word' id='word_1_307' title='bbox 752 3573 921 3653; x_wconf 81' lang='lat' dir='ltr'>accipiter</span> <span class='ocrx_word' id='word_1_308' title='bbox 944 3573 1116 3652; x_wconf 83' lang='lat' dir='ltr'>exemplari</span> <span class='ocrx_word' id='word_1_309' title='bbox 1138 3573 1256 3636; x_wconf 89' lang='lat' dir='ltr'>Lucani</span> <span class='ocrx_word' id='word_1_310' title='bbox 1278 3573 1325 3637; x_wconf 89' lang='lat' dir='ltr'>IX</span> <span class='ocrx_word' id='word_1_311' title='bbox 1350 3577 1409 3638; x_wconf 88' lang='lat'>169</span> <span class='ocrx_word' id='word_1_312' title='bbox 1433 3576 1509 3638; x_wconf 80' lang='lat' dir='ltr'>nulli</span> 
     </span>
     <span class='ocr_line' id='line_1_32' title="bbox 244 3666 1586 3758; baseline 0.004 -21"><span class='ocrx_word' id='word_1_313' title='bbox 244 3677 376 3758; x_wconf 75' lang='lat' dir='ltr'>coquitur</span> <span class='ocrx_word' id='word_1_314' title='bbox 397 3697 466 3738; x_wconf 84' lang='lat' dir='ltr'>aevo</span> <span class='ocrx_word' id='word_1_315' title='bbox 489 3676 582 3737; x_wconf 83' lang='lat' dir='ltr'>lactes</span> <span class='ocrx_word' id='word_1_316' title='bbox 604 3688 668 3738; x_wconf 83' lang='grc'>07771</span> <span class='ocrx_word' id='word_1_317' title='bbox 689 3688 813 3738; x_wconf 82' lang='grc'>7770717777</span> <span class='ocrx_word' id='word_1_318' title='bbox 833 3677 963 3757; x_wconf 80' lang='lat' dir='ltr'>populos</span> <span class='ocrx_word' id='word_1_319' title='bbox 981 3677 1088 3756; x_wconf 71' lang='lat' dir='ltr'>dedere</span> <span class='ocrx_word' id='word_1_320' title='bbox 1100 3678 1240 3756; x_wconf 74' lang='lat' dir='ltr'>potentia,</span> <span class='ocrx_word' id='word_1_321' title='bbox 1264 3677 1313 3740; x_wconf 90' lang='lat' dir='ltr'>vd.</span> <span class='ocrx_word' id='word_1_322' title='bbox 1329 3677 1424 3742; x_wconf 86' lang='lat' dir='ltr'>Theb.</span> <span class='ocrx_word' id='word_1_323' title='bbox 1442 3678 1506 3742; x_wconf 88' lang='lat' dir='ltr'>XII</span> <span class='ocrx_word' id='word_1_324' title='bbox 1547 3691 1548 3696; x_wconf 76' lang='grc'>’</span> <span class='ocrx_word' id='word_1_325' title='bbox 1584 3666 1586 3672; x_wconf 43' lang='grc'><strong>’</strong></span> 
     </span>
     <span class='ocr_line' id='line_1_33' title="bbox 248 3777 1507 3859; baseline 0 -19"><span class='ocrx_word' id='word_1_326' title='bbox 248 3779 318 3841; x_wconf 82' lang='grc'><strong>345.</strong></span> <span class='ocrx_word' id='word_1_327' title='bbox 356 3777 394 3840; x_wconf 93' lang='lat' dir='ltr'>In</span> <span class='ocrx_word' id='word_1_328' title='bbox 417 3795 510 3841; x_wconf 90' lang='lat' dir='ltr'>versu</span> <span class='ocrx_word' id='word_1_329' title='bbox 532 3784 645 3859; x_wconf 88' lang='lat' dir='ltr'>poetae</span> <span class='ocrx_word' id='word_1_330' title='bbox 668 3778 829 3841; x_wconf 87' lang='lat' dir='ltr'>christiani</span> <span class='ocrx_word' id='word_1_331' title='bbox 850 3777 995 3840; x_wconf 86' lang='lat' dir='ltr'>Aratoris</span> <span class='ocrx_word' id='word_1_332' title='bbox 1016 3781 1074 3840; x_wconf 87' lang='lat' dir='ltr'>act.</span> <span class='ocrx_word' id='word_1_333' title='bbox 1097 3796 1145 3859; x_wconf 87' lang='lat' dir='ltr'>ap.</span> <span class='ocrx_word' id='word_1_334' title='bbox 1171 3777 1205 3841; x_wconf 99' lang='grc' dir='ltr'>ΙΙ</span> <span class='ocrx_word' id='word_1_335' title='bbox 1228 3781 1289 3840; x_wconf 81' lang='grc'>242</span> <span class='ocrx_word' id='word_1_336' title='bbox 1307 3781 1368 3839; x_wconf 73' lang='lat' dir='ltr'>iarn</span> <span class='ocrx_word' id='word_1_337' title='bbox 1384 3781 1507 3841; x_wconf 75' lang='lat' dir='ltr'>relidas</span> 
     </span>
     <span class='ocr_line' id='line_1_34' title="bbox 247 3879 1505 3960; baseline 0.003 -21"><span class='ocrx_word' id='word_1_338' title='bbox 247 3879 399 3941; x_wconf 77' lang='lat' dir='ltr'>homimem</span> <span class='ocrx_word' id='word_1_339' title='bbox 429 3879 544 3940; x_wconf 72' lang='lat' dir='ltr'>Perdes</span> <span class='ocrx_word' id='word_1_340' title='bbox 569 3892 761 3960; x_wconf 80' lang='lat' dir='ltr'>superaverat</span> <span class='ocrx_word' id='word_1_341' title='bbox 794 3881 858 3942; x_wconf 79' lang='lat' dir='ltr'>ires</span> <span class='ocrx_word' id='word_1_342' title='bbox 890 3897 1062 3960; x_wconf 85' lang='lat' dir='ltr'>agnoscere</span> <span class='ocrx_word' id='word_1_343' title='bbox 1096 3879 1172 3942; x_wconf 91' lang='lat' dir='ltr'>mihi</span> <span class='ocrx_word' id='word_1_344' title='bbox 1201 3880 1309 3943; x_wconf 90' lang='lat' dir='ltr'>videor</span> <span class='ocrx_word' id='word_1_345' title='bbox 1336 3879 1505 3960; x_wconf 82' lang='lat' dir='ltr'>imaginem</span> 
     </span>
     <span class='ocr_line' id='line_1_35' title="bbox 245 3981 1507 4064; baseline -0.001 -19"><span class='ocrx_word' id='word_1_346' title='bbox 245 3999 363 4059; x_wconf 87' lang='lat' dir='ltr'>versus,</span> <span class='ocrx_word' id='word_1_347' title='bbox 385 3981 439 4061; x_wconf 90' lang='lat' dir='ltr'>qui</span> <span class='ocrx_word' id='word_1_348' title='bbox 462 3983 564 4045; x_wconf 91' lang='lat' dir='ltr'>estin</span> <span class='ocrx_word' id='word_1_349' title='bbox 589 3983 737 4046; x_wconf 88' lang='lat' dir='ltr'>carminis</span> <span class='ocrx_word' id='word_1_350' title='bbox 760 3984 799 4047; x_wconf 89' lang='lat' dir='ltr'>dc</span> <span class='ocrx_word' id='word_1_351' title='bbox 822 3982 905 4046; x_wconf 93' lang='lat' dir='ltr'>bello</span> <span class='ocrx_word' id='word_1_352' title='bbox 928 3981 1011 4046; x_wconf 91' lang='lat' dir='ltr'>civili</span> <span class='ocrx_word' id='word_1_353' title='bbox 1032 3981 1113 4045; x_wconf 87' lang='lat' dir='ltr'>libro</span> <span class='ocrx_word' id='word_1_354' title='bbox 1136 3983 1152 4046; x_wconf 96' lang='grc' dir='ltr'>Ι</span> <span class='ocrx_word' id='word_1_355' title='bbox 1175 3985 1278 4063; x_wconf 69' lang='grc'>(18317</span> <span class='ocrx_word' id='word_1_356' title='bbox 1306 3984 1367 4044; x_wconf 77' lang='lat' dir='ltr'>icor</span> <span class='ocrx_word' id='word_1_357' title='bbox 1393 3983 1507 4064; x_wconf 66' lang='lat' dir='ltr'>pelides</span> 
     </span>
     <span class='ocr_line' id='line_1_36' title="bbox 249 4083 1506 4167; baseline 0.002 -21"><span class='ocrx_word' id='word_1_358' title='bbox 249 4083 361 4146; x_wconf 76' lang='grc'>0077777</span> <span class='ocrx_word' id='word_1_359' title='bbox 385 4107 472 4146; x_wconf 77' lang='lat' dir='ltr'>mersu</span> <span class='ocrx_word' id='word_1_360' title='bbox 493 4096 685 4164; x_wconf 72' lang='grc'>7707777777</span> <span class='ocrx_word' id='word_1_361' title='bbox 701 4087 804 4167; x_wconf 66' lang='lat' dir='ltr'>Amen,</span> <span class='ocrx_word' id='word_1_362' title='bbox 819 4104 922 4165; x_wconf 90' lang='lat' dir='ltr'>neque</span> <span class='ocrx_word' id='word_1_363' title='bbox 936 4086 1042 4161; x_wconf 86' lang='lat' dir='ltr'>timeo,</span> <span class='ocrx_word' id='word_1_364' title='bbox 1058 4102 1097 4146; x_wconf 89' lang='lat' dir='ltr'>ne</span> <span class='ocrx_word' id='word_1_365' title='bbox 1113 4085 1320 4164; x_wconf 82' lang='lat' dir='ltr'>repugnantia</span> <span class='ocrx_word' id='word_1_366' title='bbox 1336 4090 1506 4162; x_wconf 85' lang='lat' dir='ltr'>conectam,</span> 
     </span>
     <span class='ocr_line' id='line_1_37' title="bbox 246 4187 1507 4270; baseline 0.001 -20"><span class='ocrx_word' id='word_1_367' title='bbox 246 4187 381 4266; x_wconf 85' lang='lat' dir='ltr'>siVerg.</span> <span class='ocrx_word' id='word_1_368' title='bbox 400 4187 513 4266; x_wconf 50' lang='lat' dir='ltr'>naui</span> <span class='ocrx_word' id='word_1_369' title='bbox 531 4190 601 4267; x_wconf 88' lang='grc'>131)</span> <span class='ocrx_word' id='word_1_370' title='bbox 622 4187 669 4250; x_wconf 88' lang='lat' dir='ltr'>IX</span> <span class='ocrx_word' id='word_1_371' title='bbox 686 4189 747 4250; x_wconf 82' lang='lat'>642</span> <span class='ocrx_word' id='word_1_372' title='bbox 771 4189 817 4250; x_wconf 86' lang='lat' dir='ltr'>dis</span> <span class='ocrx_word' id='word_1_373' title='bbox 837 4189 930 4268; x_wconf 73' lang='lat' dir='ltr'>penite</span> <span class='ocrx_word' id='word_1_374' title='bbox 951 4199 977 4249; x_wconf 85' lang='lat' dir='ltr'>et</span> <span class='ocrx_word' id='word_1_375' title='bbox 997 4189 1129 4270; x_wconf 73' lang='lat' dir='ltr'>penitere</span> <span class='ocrx_word' id='word_1_376' title='bbox 1151 4187 1227 4263; x_wconf 82' lang='lat' dir='ltr'>deos,</span> <span class='ocrx_word' id='word_1_377' title='bbox 1249 4187 1333 4266; x_wconf 86' lang='lat' dir='ltr'>quod</span> <span class='ocrx_word' id='word_1_378' title='bbox 1351 4187 1420 4250; x_wconf 86' lang='lat' dir='ltr'>Seu.</span> <span class='ocrx_word' id='word_1_379' title='bbox 1445 4188 1507 4251; x_wconf 85' lang='lat' dir='ltr'>dial</span> 
     </span>
     <span class='ocr_line' id='line_1_38' title="bbox 246 4289 1506 4370; baseline 0.001 -18"><span class='ocrx_word' id='word_1_380' title='bbox 246 4290 344 4366; x_wconf 78' lang='lat' dir='ltr'>uim,</span> <span class='ocrx_word' id='word_1_381' title='bbox 363 4295 378 4354; x_wconf 90' lang='lat'>1</span> <span class='ocrx_word' id='word_1_382' title='bbox 395 4289 466 4353; x_wconf 91' lang='lat' dir='ltr'>Tae.</span> <span class='ocrx_word' id='word_1_383' title='bbox 482 4289 553 4356; x_wconf 83' lang='lat' dir='ltr'>dial.</span> <span class='ocrx_word' id='word_1_384' title='bbox 571 4294 609 4354; x_wconf 85' lang='lat'>12</span> <span class='ocrx_word' id='word_1_385' title='bbox 626 4308 736 4370; x_wconf 79' lang='lat' dir='ltr'>paneg.</span> <span class='ocrx_word' id='word_1_386' title='bbox 752 4289 804 4353; x_wconf 89' lang='lat' dir='ltr'>lat.</span> <span class='ocrx_word' id='word_1_387' title='bbox 820 4291 872 4354; x_wconf 95' lang='grc' dir='ltr'>ΙΙΙ</span> <span class='ocrx_word' id='word_1_388' title='bbox 887 4294 906 4353; x_wconf 87' lang='grc'>2</span> <span class='ocrx_word' id='word_1_389' title='bbox 923 4293 1074 4370; x_wconf 89' lang='lat' dir='ltr'>spectant,</span> <span class='ocrx_word' id='word_1_390' title='bbox 1090 4289 1243 4368; x_wconf 82' lang='lat' dir='ltr'>originem</span> <span class='ocrx_word' id='word_1_391' title='bbox 1261 4289 1387 4353; x_wconf 90' lang='lat' dir='ltr'>dedisse</span> <span class='ocrx_word' id='word_1_392' title='bbox 1401 4296 1506 4354; x_wconf 87' lang='lat' dir='ltr'>statuo</span> 
     </span>
     <span class='ocr_line' id='line_1_39' title="bbox 243 4391 1506 4477; baseline 0.001 -22"><span class='ocrx_word' id='word_1_393' title='bbox 243 4411 307 4456; x_wconf 94' lang='lat' dir='ltr'>non</span> <span class='ocrx_word' id='word_1_394' title='bbox 324 4392 419 4456; x_wconf 92' lang='lat' dir='ltr'>modo</span> <span class='ocrx_word' id='word_1_395' title='bbox 436 4391 513 4457; x_wconf 83' lang='lat' dir='ltr'>Silio</span> <span class='ocrx_word' id='word_1_396' title='bbox 535 4393 587 4456; x_wconf 93' lang='lat' dir='ltr'>III</span> <span class='ocrx_word' id='word_1_397' title='bbox 611 4395 672 4456; x_wconf 81' lang='lat'>625</span> <span class='ocrx_word' id='word_1_398' title='bbox 695 4416 712 4455; x_wconf 93' lang='grc'>0</span> <span class='ocrx_word' id='word_1_399' title='bbox 733 4405 804 4455; x_wconf 73' lang='lat' dir='ltr'>reete·</span> <span class='ocrx_word' id='word_1_400' title='bbox 825 4396 910 4455; x_wconf 78' lang='lat' dir='ltr'>daem</span> <span class='ocrx_word' id='word_1_401' title='bbox 935 4394 1072 4477; x_wconf 81' lang='lat' dir='ltr'>divosque</span> <span class='ocrx_word' id='word_1_402' title='bbox 1094 4395 1207 4469; x_wconf 77' lang='lat' dir='ltr'>dotare,</span> <span class='ocrx_word' id='word_1_403' title='bbox 1225 4392 1388 4455; x_wconf 88' lang='lat' dir='ltr'>sedetiam</span> <span class='ocrx_word' id='word_1_404' title='bbox 1406 4393 1506 4456; x_wconf 82' lang='lat' dir='ltr'>Statio</span> 
     </span>
     <span class='ocr_line' id='line_1_40' title="bbox 245 4495 1506 4580; baseline -0.001 -21"><span class='ocrx_word' id='word_1_405' title='bbox 245 4515 268 4561; x_wconf 84' lang='lat' dir='ltr'>S.</span> <span class='ocrx_word' id='word_1_406' title='bbox 292 4496 308 4559; x_wconf 95' lang='lat' dir='ltr'>I</span> <span class='ocrx_word' id='word_1_407' title='bbox 334 4497 403 4573; x_wconf 78' lang='grc'>],74</span> <span class='ocrx_word' id='word_1_408' title='bbox 430 4519 607 4577; x_wconf 69' lang='lat' dir='ltr'>respicerem</span> <span class='ocrx_word' id='word_1_409' title='bbox 631 4496 732 4574; x_wconf 81' lang='lat' dir='ltr'>proles</span> <span class='ocrx_word' id='word_1_410' title='bbox 758 4497 929 4580; x_wconf 73' lang='lat' dir='ltr'>peccatorque</span> <span class='ocrx_word' id='word_1_411' title='bbox 955 4496 1078 4558; x_wconf 83' lang='lat' dir='ltr'>deorum</span> <span class='ocrx_word' id='word_1_412' title='bbox 1108 4496 1159 4576; x_wconf 85' lang='lat' dir='ltr'>(ex</span> <span class='ocrx_word' id='word_1_413' title='bbox 1190 4512 1252 4574; x_wconf 88' lang='lat' dir='ltr'>quo</span> <span class='ocrx_word' id='word_1_414' title='bbox 1286 4495 1443 4575; x_wconf 87' lang='lat' dir='ltr'>simulque</span> <span class='ocrx_word' id='word_1_415' title='bbox 1470 4513 1506 4558; x_wconf 84' lang='lat' dir='ltr'>eu</span> 
     </span>
     <span class='ocr_line' id='line_1_41' title="bbox 244 4597 1508 4683; baseline -0.005 -19"><span class='ocrx_word' id='word_1_416' title='bbox 244 4597 385 4678; x_wconf 84' lang='lat' dir='ltr'>Vergilio</span> <span class='ocrx_word' id='word_1_417' title='bbox 410 4597 519 4662; x_wconf 85' lang='lat' dir='ltr'>Claud.</span> <span class='ocrx_word' id='word_1_418' title='bbox 542 4604 631 4677; x_wconf 88' lang='lat' dir='ltr'>nupt.</span> <span class='ocrx_word' id='word_1_419' title='bbox 653 4597 737 4661; x_wconf 92' lang='lat' dir='ltr'>Hon.</span> <span class='ocrx_word' id='word_1_420' title='bbox 760 4601 822 4660; x_wconf 82' lang='lat'>253</span> <span class='ocrx_word' id='word_1_421' title='bbox 850 4619 1028 4679; x_wconf 79' lang='grc'>7779707777</span> <span class='ocrx_word' id='word_1_422' title='bbox 1049 4597 1161 4659; x_wconf 78' lang='lat' dir='ltr'>suboles</span> <span class='ocrx_word' id='word_1_423' title='bbox 1187 4619 1289 4678; x_wconf 76' lang='lat' dir='ltr'>repam</span> <span class='ocrx_word' id='word_1_424' title='bbox 1309 4600 1508 4683; x_wconf 80' lang='lat' dir='ltr'>perituraque</span> 
     </span>
     <span class='ocr_line' id='line_1_42' title="bbox 242 4699 1507 4783; baseline 0 -21"><span class='ocrx_word' id='word_1_425' title='bbox 242 4706 336 4783; x_wconf 66' lang='lat' dir='ltr'>repre)</span> <span class='ocrx_word' id='word_1_426' title='bbox 359 4705 390 4765; x_wconf 86' lang='lat' dir='ltr'>et</span> <span class='ocrx_word' id='word_1_427' title='bbox 419 4702 615 4781; x_wconf 88' lang='lat' dir='ltr'>inscriptioni</span> <span class='ocrx_word' id='word_1_428' title='bbox 644 4700 713 4764; x_wconf 80' lang='lat' dir='ltr'>CIL</span> <span class='ocrx_word' id='word_1_429' title='bbox 735 4701 787 4764; x_wconf 94' lang='grc' dir='ltr'>ΙΙΙ</span> <span class='ocrx_word' id='word_1_430' title='bbox 811 4703 872 4765; x_wconf 90' lang='grc'>710</span> <span class='ocrx_word' id='word_1_431' title='bbox 901 4709 947 4776; x_wconf 87' lang='lat'>(=</span> <span class='ocrx_word' id='word_1_432' title='bbox 969 4700 1106 4763; x_wconf 90' lang='lat' dir='ltr'>Dessaui</span> <span class='ocrx_word' id='word_1_433' title='bbox 1128 4699 1195 4782; x_wconf 87' lang='lat' dir='ltr'>syll.</span> <span class='ocrx_word' id='word_1_434' title='bbox 1218 4702 1292 4782; x_wconf 83' lang='grc'>629)</span> <span class='ocrx_word' id='word_1_435' title='bbox 1322 4701 1380 4762; x_wconf 73' lang='lat' dir='ltr'>diis</span> <span class='ocrx_word' id='word_1_436' title='bbox 1404 4701 1507 4782; x_wconf 73' lang='grc'>97777177</span> 
     </span>
     <span class='ocr_line' id='line_1_43' title="bbox 242 4803 1507 4884; baseline 0 -18"><span class='ocrx_word' id='word_1_437' title='bbox 242 4817 269 4866; x_wconf 81' lang='lat' dir='ltr'>er</span> <span class='ocrx_word' id='word_1_438' title='bbox 291 4808 415 4868; x_wconf 83' lang='lat' dir='ltr'>deorum</span> <span class='ocrx_word' id='word_1_439' title='bbox 435 4806 622 4870; x_wconf 74' lang='lat' dir='ltr'>creatoribus.</span> <span class='ocrx_word' id='word_1_440' title='bbox 667 4805 726 4868; x_wconf 86' lang='lat' dir='ltr'>Vix</span> <span class='ocrx_word' id='word_1_441' title='bbox 746 4810 852 4867; x_wconf 89' lang='lat' dir='ltr'>tamen</span> <span class='ocrx_word' id='word_1_442' title='bbox 875 4804 1020 4883; x_wconf 89' lang='lat' dir='ltr'>cuiquam</span> <span class='ocrx_word' id='word_1_443' title='bbox 1042 4803 1233 4884; x_wconf 89' lang='lat' dir='ltr'>persuadere</span> <span class='ocrx_word' id='word_1_444' title='bbox 1254 4821 1304 4866; x_wconf 89' lang='lat' dir='ltr'>me</span> <span class='ocrx_word' id='word_1_445' title='bbox 1324 4821 1420 4884; x_wconf 84' lang='lat' dir='ltr'>posse</span> <span class='ocrx_word' id='word_1_446' title='bbox 1435 4821 1507 4866; x_wconf 92' lang='lat' dir='ltr'>con-</span> 
     </span>
    </p>
   </div>
   <div class='ocr_carea' id='block_1_3' title="bbox 0 0 1820 5328">
    <p class='ocr_par' dir='ltr' id='par_1_3' title="bbox 0 0 1820 5328">
     <span class='ocr_line' id='line_1_44' title="bbox 0 0 1820 5328; baseline 0 0"><span class='ocrx_word' id='word_1_447' title='bbox 0 0 1820 5328; x_wconf 95' lang='lat' dir='ltr'> </span> 
     </span>
    </p>
   </div>
  </div>
 </body>
</html>
