3628 5328
822 345 1033 410 -„32.„

808 533 1011 636 Appendix
1040 534 1050 612 l

398 672 475 726 Hanc
493 671 661 725 occasionem
678 678 775 725 nactus
793 687 891 725 norum
909 671 1014 725 Lucani
1035 671 1214 740 fragmentum
1236 673 1339 740 publici
1362 673 1432 727 iuris
1455 672 1563 740 faciam,

295 759 367 827 quod
384 760 451 813 mihi
469 775 518 827 per
534 760 639 813 litteras
659 759 764 814 iuvenis
782 760 826 813 his
844 759 942 814 studiis
962 759 1068 814 deditus
1087 761 1113 816 J.
1132 760 1197 814 Ries
1215 761 1329 826 benigne
1350 760 1491 816 indicarit.
1529 761 1563 814 In

296 847 452 902 Cassiodori
471 853 518 902 sut
536 847 583 914 qui
601 848 671 901 alius
691 849 748 901 eius
767 853 922 902 auctorest
943 847 977 900 de
994 849 1116 902 oratione
1136 850 1206 903 libro
1224 847 1251 902 11
1269 851 1321 902 568
1344 850 1375 904 G.
1403 852 1448 920 (=
1467 850 1561 918 Migne

294 937 373 989 LXX
385 953 412 1004 p.
429 938 509 1006 1231)
527 937 656 1003 legimus:
676 938 715 986 lu'c
735 938 810 1000 ipsis,
830 937 900 987 huius
913 939 987 1001 ipsis,
1006 940 1039 986 ab
1052 939 1097 988 lrac
1111 939 1170 1002 ian,
1189 939 1300 1000 quamuis
1316 937 1435 988 Lucanus
1453 938 1564 988 dixerit:

782 1027 839 1087 ique
859 1024 923 1074 viam
942 1025 1078 1076 scandens.

400 1130 460 1184 Hoc
472 1129 501 1182 in
514 1127 638 1195 frustula,
657 1127 729 1195 quod
742 1128 850 1181 initium
863 1108 1012 1181 hexametri
1027 1127 1214 1194 videturesse,
1234 1126 1266 1180 de
1283 1128 1463 1195 Phaethonte,
1485 1129 1563 1184 cuius

295 1224 377 1286 poeta
395 1223 422 1271 et
439 1219 468 1270 in
486 1217 612 1271 carminis
630 1217 720 1284 magni
740 1216 916 1271 librantis
935 1222 962 1270 et
978 1217 1007 1269 ln
1025 1215 1174 1284 fragmento
1188 1216 1292 1279 lliaoon
1305 1217 1474 1280 mentionem
1490 1217 1564 1286 lacit,

296 1322 446 1360 sermonem
465 1322 525 1360 esse
547 1307 635 1373 primo
660 1305 808 1358 arbitratus
832 1302 904 1358 nunc
926 1304 961 1358 ad
983 1311 1088 1372 patrem
1113 1304 1212 1358 referre
1235 1305 1341 1373 malim;
1369 1305 1421 1361 clr.
1445 1307 1522 1362 ovid.
1545 1308 1563 1364 f.

296 1395 338 1448 III
355 1397 408 1448 415
427 1413 521 1446 oceano
540 1395 656 1444 clivosum
675 1393 779 1442 scarrdit
801 1393 922 1458 olympam
940 1395 1054 1443 Phoebus
1072 1392 1167 1445 Avien.
1187 1393 1263 1448 Arai.
1284 1395 1352 1465 1605
1379 1394 1467 1446 dehinc
1491 1413 1567 1446 scan-

297 1485 359 1534 dens
378 1485 470 1532 minuat
486 1484 559 1531 iubar·
578 1483 714 1545 ipniferum
733 1481 780 1532 sol.

677 1720 880 1822 Appendix
908 1719 934 1796 ll
964 1717 1090 1821 (adv.
1123 1719 1186 1818 45)

403 1878 436 1930 In
453 1895 477 1931 v.
497 1880 531 1931 45
549 1893 599 1944 pro
616 1886 726 1941 peracta
745 1874 924 1942 interpolator
947 1875 1057 1942 quidam
1083 1883 1161 1930 vetus
1185 1877 1276 1927 relicta
1304 1877 1414 1944 scripsit
1443 1877 1563 1932 offensus

297 1967 440 2034 gemmatis
459 1975 655 2028 scruposam
673 1961 768 2016 eadem
786 1980 869 2018 causa
887 1963 996 2017 adducti
1013 1964 1176 2032 Oudendorp
1193 1965 1284 2032 priore
1298 1964 1358 2018 loao
1379 1977 1460 2029 peste,
1480 1966 1567 2019 altero

297 2057 427 2111 Heinsius
445 2067 541 2118 parata
558 2059 768 2120 proposuerunt.
806 2052 881 2106 Idem
899 2053 1042 2121 scrupulus
1064 2071 1124 2108 cum
1140 2054 1275 2108 sexcentis
1287 2054 1355 2107 locis
1376 2054 1481 2108 Lucani
1501 2055 1568 2108 alio-

298 2148 419 2212 rumque,
438 2160 493 2196 non
510 2141 590 2194 modo
612 2141 635 2194 si
654 2141 682 2193 in
701 2141 796 2196 eodem
819 2158 907 2209 versu,
931 2142 978 2196 sed
997 2143 1078 2195 etiam
1097 2143 1121 2196 si
1140 2143 1211 2196 intra
1234 2141 1326 2210 plures
1348 2156 1444 2195 versus
1471 2140 1566 2195 eadem

299 2235 342 2288 vel
355 2232 475 2286 eiusdem
489 2231 583 2298 stirpis
597 2231 679 2284 verba
695 2231 837 2298 iterantur,
856 2245 950 2283 ansam
962 2231 1085 2284 mutandi
1098 2230 1211 2297 dederit,
1230 2236 1260 2282 ut
1274 2228 1379 2295 cupidis
1394 2230 1565 2284 coniectandi

299 2324 365 2377 haec
378 2336 460 2375 causa
477 2320 531 2373 iam
546 2317 694 2385 auferatur,
712 2318 843 2370 nonnulla
855 2317 918 2370 talis
932 2319 960 2370 in
974 2319 1067 2374 eodem
1080 2336 1160 2373 versu
1177 2319 1221 2371 vel
1234 2317 1373 2386 enuntiato
1396 2318 1568 2384 repetitionis

299 2411 422 2478 exemplu
439 2407 562 2476 profero3
581 2422 612 2458 sc
631 2406 757 2473 primum'
769 2405 878 2472 quidem
892 2422 925 2458 ex
943 2407 1047 2472 poetis:
1067 2408 1149 2460 Lacr.
1167 2406 1193 2458 V
1211 2406 1262 2458 599
1284 2407 1389 2466 counio
1407 2447 1414 2461 ,
1434 2447 1440 2460 ,
1464 2419 1491 2456 ut
1505 2428 1567 2472 pro-

208 2481 213 2492 '
293 2504 364 2566 fluas
386 2499 466 2548 aruir
490 2496 529 2549 11
547 2498 614 2562 6⁷33
637 2497 689 2548 736
714 2494 754 2546 vr
781 2497 830 2562 533
859 2497 910 2546 212
926 2494 972 2547 Be.
992 2495 1072 2563 Verg.
1098 2495 1191 2550 1111
1212 2494 1263 2547 are
1287 2493 1399 2555 terisque
1423 2495 1537 2546 satist.
1561 2538 1566 2549 .

300 2606 374 2652 equos
401 2586 438 2636 ad
459 2587 554 2635 maenia
576 2593 674 2632 vertunt
698 2581 747 2634 0v.
772 2599 807 2636 m.
831 2584 871 2637 IV
896 2586 948 2636 732
973 2589 1094 2636 starrtibus
1122 2593 1206 2632 exstat
1231 2579 1325 2634 Manil.
1345 2580 1387 2646 III
1414 2585 1466 2635 308
1490 2602 1566 2647 super

300 2684 469 2722 trarmversum
491 2672 595 2720 vertitur
619 2688 691 2720 asem
715 2669 775 2739 (cfr.
798 2672 864 2726 Luc,
883 2674 951 2727 VIII
968 2675 1032 2743 462)
1058 2673 1083 2725 V
1103 2673 1137 2724 68
1162 2671 1266 2735 extollit,
1289 2671 1393 2732 prr'mum
1419 2672 1478 2733 [oya
1503 2671 1570 2720 tollit

300 2761 366 2814 Luc.
384 2759 411 2812 H
431 2761 482 2812 160
499 2767 600 2830 pestate
618 2777 664 2820 per
684 2761 766 2807 urbem
786 2770 810 2808 et
827 2762 904 2811 media
923 2773 1043 2827 nortperto
1053 2765 1117 2827 foro
1134 2757 1176 2812 III
1195 2760 1246 2810 348
1266 2756 1313 2810 Sil.
1333 2757 1358 2809 V
1378 2759 1430 2812 656
1456 2759 1569 2826 obruitur·

300 2851 357 2899 telis
375 2850 500 2911 nirnlroque
519 2844 603 2894 ruente
621 2845 674 2896 VII
695 2847 746 2897 421
768 2848 882 2896 cautibus
901 2851 1002 2898 obiectis
1019 2849 1126 2897 reiectat
1143 2846 1200 2900 Iuv.
1215 2845 1332 2899 VII195
1353 2847 1484 2908 excipiant
1498 2844 1568 2894 modo

299 2939 393 3002 primas
412 2937 567 2996 incipientem
585 2933 689 2985 Auson.
708 2933 779 2986 Mos.
800 2936 833 2986 57
858 2935 943 2983 iutuitu
965 2935 1065 2997 liquidis
1088 2937 1208 2983 obtutibus
1230 2933 1312 2986 Prud.
1330 2949 1387 3001 per.
1409 2933 1435 2985 X
1454 2935 1506 2986 288
1533 2936 1570 2982 in·

302 3034 371 3072 tuens
398 3023 519 3071 obtutibus
546 3018 606 3089 (cfr.
630 3019 731 3073 Minue.
756 3020 862 3074 XXXII
886 3023 902 3074 5
929 3023 1024 3070 obtutus
1055 3019 1189 3088 intuentis).
1236 3022 1340 3090 Quibus
1372 3021 1504 3075 accedunt
1537 3035 1571 3072 ex

302 3111 479 3176 scriptoribus
497 3109 669 3176 pedestribus
688 3108 769 3160 haec:
794 3109 848 3162 Cic.
873 3109 996 3182 invem.
1016 3108 1057 3161 III
1082 3109 1158 3175 21151
1180 3119 1202 3156 te
1221 3110 1331 3158 edixisse
1351 3110 1407 3160 dico
1428 3108 1506 3163 Catil.
1526 3109 1568 3163 III

301 3200 362 3267 8,20
380 3198 445 3248 illud
462 3200 498 3247 r'ta
514 3197 686 3247 collocandum
704 3197 818 3246 causales
837 3198 878 3246 illi
894 3198 1040 3247 locauerunt
1060 3211 1109 3263 pro
1130 3196 1235 3250 Cluent.
1250 3196 1401 3267 XXXVIII
1418 3200 1467 3250 107
1491 3202 1515 3248 iu
1535 3201 1571 3248 lu·

302 3287 376 3336 dialis
391 3285 502 3348 publicis
521 3286 569 3333 iam
592 3295 640 3332 tum
656 3287 767 3346 ¹florente
789 3303 818 3332 re
841 3285 944 3345 prrblica
964 3286 1110 3346 floruerunt
1132 3285 1251 3352 Philipp.
1276 3284 1302 3338 II
1330 3289 1426 3354 40,102
1456 3287 1574 3336 adscribi

301 3361 376 3439 posse
394 3373 520 3432 rescripsi
539 3371 597 3438 (cfr.
617 3371 685 3426 Gell.
706 3371 732 3424 X
753 3372 810 3437 l,'‘d
830 3370 882 3439 sq.)
907 3370 939 3424 de
963 3378 1029 3425 orttt.
1050 3371 1063 3424 I
1082 3374 1178 3439 53,227
1206 3373 1276 3423 dicta
1299 3392 1355 3422 esse
1379 3357 1497 3444 dicebat3
1520 3374 1571 3427 im-

302 3461 396 3529 primis
415 3445 523 3512 adamst
541 3447 623 3508 videri
639 3459 712 3508 video
740 3458 785 3528 (de
804 3466 871 3512 orat.
890 3459 1046 3525 1Π49,188
1066 3460 1141 3514 Orat.
1160 3460 1227 3514 XIX
1248 3461 1294 3528 67)
1314 3467 1361 3513 aut
1380 3464 1468 3512 videre
1488 3462 1572 3534 (mili)

304 3549 389 3598 videor
412 3554 444 3600 ut
464 3548 493 3600 in
513 3547 612 3600 Caecil.
636 3547 704 3600 XIV
721 3550 756 3600 45
778 3547 856 3600 Catil.
874 3548 914 3600 IV
932 3550 991 3614 6,ss
1016 3547 1049 3600 de
1075 3555 1130 3603 nat.
1154 3548 1179 3602 d.
1203 3547 1216 3600 I
1242 3552 1338 3615 38,100
1361 3549 1437 3604 Lael.
1456 3550 1510 3604 XII
1534 3553 1570 3602 41

304 3637 336 3690 de
360 3637 460 3690 invent.
487 3636 514 3689 Π
538 3638 634 3703 57171
661 3635 693 3688 de
718 3642 785 3690 orat.
814 3636 840 3688 II
867 3639 928 3704 8,33
953 3635 987 3689 ad
1011 3634 1073 3690 fam.
1103 3639 1143 3691 IV
1161 3641 1204 3705 4‚3
1223 3637 1264 3692 IX
1288 3638 1347 3702 15,2
1376 3637 1444 3690 XIV
1469 3639 1511 3704 3,5
1537 3638 1575 3702 al,

304 3725 406 3795 (Caes.)
428 3726 454 3778 b.
474 3723 531 3777 Afr.
551 3723 681 3776 XVIII5
705 3725 730 3772 in
749 3761 755 3774 .
775 3761 781 3774 .
801 3725 920 3773 mittentes
943 3726 1021 3774 subita
1044 3727 1146 3775 immittit
1167 3724 1287 3779 XXXVI
1313 3728 1326 3776 1
1351 3727 1499 3775 summittere
1525 3743 1571 3786 nan

304 3817 440 3866 intermittit
465 3815 491 3868 b.
519 3813 598 3879 Hisp.
624 3811 664 3864 IX
690 3815 702 3862 1
733 3829 780 3859 non
810 3829 864 3859 esse
892 3813 1072 3862 commissurum
1105 3813 1247 3876 Caesarem,
1274 3824 1300 3862 ut
1318 3853 1324 3867 .
1345 3850 1351 3863 .
1376 3813 1412 3862 ad
1438 3814 1572 3862 subsidium

303 3904 441 3956 mittendum
459 3922 485 3951 se
505 3901 663 3950 committeret
681 3896 748 3951 Sall.
769 3898 826 3966 Iug.
846 3898 973 3951 Lvlllt
999 3916 1119 3948 conuerso
1143 3919 1202 3964 equo
1224 3900 1403 3950 animadvortit
1424 3903 1514 3964 supam
1538 3900 1575 3949 ad

305 4011 332 4040 se
357 4008 453 4039 eorsum
473 3991 537 4052 fieri
557 3987 616 4040 Liv.
636 3986 676 4041 IV
699 3989 761 4053 33,3
787 3987 901 4042 distinctio
929 3988 1011 4034 accito
1036 3986 1159 4048 proelium
1181 3990 1249 4036 alens
1272 3989 1333 4052 61,8
1359 3989 1462 4050 accepti
1483 4005 1574 4050 cepere

305 4078 372 4131 VIII
391 4079 434 4144 9,9
452 4079 574 4126 insinuas
592 4075 674 4122 cinctu
695 4073 793 4124 Gabino
812 4073 875 4140 (nisi
892 4071 931 4125 ibi
954 4071 1125 4125 scribendum
1143 4080 1185 4128 est
1203 4075 1270 4124 cultu
1293 4089 1326 4126 ex
1345 4073 1371 4125 X
1390 4076 1433 4140 7,3
1457 4073 1500 4126 vel
1525 4075 1575 4122 rita

306 4182 340 4219 ex
357 4166 424 4218 Luc.
444 4164 458 4216 I
476 4162 540 4230 596)
559 4161 654 4215 XXIII
672 4163 734 4228 44,6
754 4163 828 4211 imber
847 4162 977 4210 continens
995 4179 1041 4216 ner
1061 4171 1152 4210 noctem
1172 4199 1177 4210 .
1198 4199 1204 4210 .
1222 4163 1299 4210 tenuit
1312 4160 1432 4214 XXXIV
1447 4163 1507 4227 50,2
1528 4180 1573 4210 eas

305 4272 379 4304 voces
397 4253 462 4301 veliet
481 4251 585 4300 oraculo
604 4251 697 4316 scissas
716 4289 721 4301 .
742 4285 748 4298 .
769 4249 922 4296 dorru'tterent
934 4246 1039 4299 XXXV
1059 4249 1121 4313 30,5
1141 4249 1218 4296 armis
1232 4249 1336 4296 alu‘ectr's
1355 4250 1379 4296 in
1399 4249 1571 4297 circumiectas

307 4382 312 4394 .
333 4383 339 4395 .
357 4341 438 4390 siloas
455 4339 593 4405 diffupiuut
610 4334 761 4388 XXXVIII
777 4337 834 4400 18,1
856 4337 968 4384 contione
988 4336 1091 4384 dimissa
1110 4337 1236 4396 missisque
1251 4334 1372 4387 XXXIX
1387 4335 1467 4401 53,13
1488 4337 1572 4383 verbam
1636 4323 1637 4327 Ἰ

304 4432 370 4492 faya
388 4428 514 4476 desertam
527 4426 721 4490 oppidanorum,
741 4423 783 4484 qni
800 4460 805 4470 .
827 4459 832 4470 .
852 4432 1004 4484 receperant
1016 4440 1080 4489 sese,
1100 4425 1166 4486 cepit
1183 4433 1382 4486 campestresque
1401 4423 1528 4470 barbaros
1548 4459 1574 4472 ..

307 4517 331 4565 in
349 4514 496 4564 deditionem
515 4513 615 4574 accepit
632 4509 756 4564 Macrob.
777 4507 790 4560 I
809 4510 852 4574 7,2
872 4519 897 4556 ut
914 4509 1105 4558 admitterentur
1121 4511 1201 4558 missis
1219 4509 1296 4558 obuiis
1314 4508 1454 4572 imperarit.

759 4709 1133 4759 :DZ
